@article{AS88,
author = {K. C. Almeida and S. Soares},
title = {Fluxo de Potencia Ótimo Usando o Principio de Minimo Esforço em Redes},
journal = {Anais do $7^{\underline{o}}$ Congresso Brasileiro
de Automática, São J. dos Campos, SP},
volume =  {1},
pages = {1--6},
year = {1988},
}

@article{AG99,
author = {A. Altman and J. Gondzio},
title = {Regularized Symmetric Indefinite Systems in Interior Point Methods for Linear and Quadratic Optimization},
journal = {Optimization Methods and Software},
volume = {11},
pages = {275--302},
year = {1999},
}

@article{ADD96,
author = {P. R. Amestoy and T. A. Davis and I. S. Duff},
title = {An approximate minimum degree ordering algorithm},
journal = {SIAM Journal on Matrix Analysis and Applications},
volume = {17}, number = {4},
pages = {886--905},
year = {1996},
}

@article{AA95,
author = {E. D. Andersen and K. D. Andersen},
title = {Presolving in Linear Programming},
journal = {Mathematical Programming},
volume =  {71},
pages = {221--245},
year = {1995},
}

@article{Ab80,
author = {Nabih N. Abdelmalek},
title = {$L_{1}$ Solution of Overdetermined Systems of Linear Equations},
journal = {ACM Trans. on Mathematical Software},
volume =  {6}, number = {2},
month = {June},
pages = {220--227},
year = {1980},
}

@InProceedings{CM69,
author = {E. Cuthill and J. McKee},
title =  {Reducing the bandwidth of sparse symmetric matrices},
booktitle = {Proceedings of the 24th National Conference ACM, New York},
pages = {157-172},
year = {1969},
}

@article{RH98,
author = {Edward Rothberg and Bruce Hendrickson},
title = {Sparse Matrix Ordering Methods for Interior Point Linear Programming},
journal = {INFORMS Journal on Computing},
volume =  {10}, number = {1},
pages = {107--113},
year = {1998},
}

@article{An95,
author = {Erling D. Andersen},
title = {Finding all Linearly Dependent Rows in Large-Scale Linear Programming},
journal = {Optimization Methods and Software},
volume =  {6},
pages = {219--227},
year = {1995},
}

@article{ARVK89,
author = {Ilan Adler and Mauricio G. C. Resende and Geraldo Veiga and
Narendra Karmarkar},
title = {An Implementation of {K}armarkar's Algorithm for Linear Programming},
journal = {Mathematical Programming},
volume =  {44},
pages = {297--335},
year = {1989},
}

@article{ARV89,
author = {Ilan Adler and Narendra Karmarkar and Mauricio G. C. Resende
and Geraldo Veiga},
title = {Data Structures and Programming Techniques for the Implementation of
{K}armarkar's Algorithm},
journal = {ORSA Journal on Computing},
volume =  {1},
pages = {84--106},
year = {1989},
}

@article{AFK79,
author = {R. D. Armstrong and E. L. Frome and D. S. Kung},
title = {A Revised Simplex Algorithm for the Absolute Deviation Curve Fitting Problem},
journal = {Commun. Statist.},
volume =  {B8},
pages = {175--190},
year = {1979},
}

@article{KA99,
author = {V. V. Kovacevic-Vujcic and M. D. Asic},
title = {Stabilization of Interior-Point Methods for Linear
Programming},
journal = {Computational Optimization and Applications},
volume =  {14},
pages = {331--346},
year = {1999},
}

@article{AK00,
author = {M. D. Asic and V. V. Kovacevic-Vujcic},
title = {Ill-conditionedness and Interior-Point Methods},
journal = {Univ. Beograd. Publ Elektrotahen. Fak. Ser. Mat.},
volume =  {11},
pages = {53--58},
year = {2000},
}

@techreport{Az02,
author = {Aníbal Tavares Azevedo},
title = {Aplicação de Métodos de Pontos
Interiores a Problemas de Manufatura e Engenharia Elétrica},
institution= {Dissertação de Mestrado, FEEC -- UNICAMP},
month= {Março,},
year = {2002},
Note= {http://libdigi.unicamp.br/document/?view=vtls000242828},
}

@techreport{Ro06,
author = {Roy Wilhelm Probst},
title = {Métodos de Pontos Interiores Aplicados ao Problema
de Pré-despacho de um Sistema Hidrotérmico},
institution= {Dissertação de Mestrado, IMECC -- UNICAMP},
month = {Março,},
year = {2006},
note= {http://libdigi.unicamp.br/document/?view=vtls000378249},
}

@techreport{Ca07,
author = {Silvia Maria Simões de Carvalho},
title = {Métodos de Pontos Interiores Aplicados ao Problema de
Pré-despacho de um Sistema Hidroelétrico com Manobras Programadas},
institution= {Dissertação de Mestrado, IMECC -- UNICAMP},
month = {Agosto,},
year = {2007},
note= {http://libdigi.unicamp.br/document/?code=vtls000414833},
}

@InProceedings{COL08,
author = {S. M. Carvalho and A. R. L. Oliveira and C. Lyra},
title =  {Métodos de Pontos Interiores Aplicados ao Problema de Pré-despacho
com Simulação de Manobras Programadas},
booktitle = {Anais do XL Simpósio Brasileiro de Pesquisa Operacional
SBPO -- João Pessoa},
pages = {425-436},
year = {2008},
}

@article{CO12,
author = {S. M. S. Carvalho and A. R. L. Oliveira},
title =  {Interior Point Methdos Applied to the Predispatch Problem
of a Hidroelectric System with Scheduled Line Manipulations},
journal = {American Journal of Operations Research},
volume =  {2},
pages = {266-271},
year = {2012},
}

@article{COL09,
author = {S. M. Carvalho and A. R. L. Oliveira and C. Lyra},
title =  {Métodos de Pontos Interiores Aplicados ao Problema de Pré-despacho
com Manobras Programadas},
journal = {SBA: Controle \& Automação},
note = {Condicionalmente aceito para publicação},
year = {2009},
}

@InProceedings{CLO09,
author = {L. Casacio and C. Lyra and A. R. L. Oliveira},
title =  {Métodos de Pontos Interiores Aplicados ao Problema de Pré-despacho
com Restrições de Segurança},
booktitle = {XXXII Congresso Nacional de Matemática Aplicada e Computacional},
pages = {908-915},
year = {2009},
}

@techreport{Co08,
author = {Mayk Vieira Coelho},
title = {Métodos de Pontos Interiores Aplicados ao Problema de Fluxo de Potência
Ótimo com Restrições de Reserva de Potência Operacional},
institution= {Dissertação de Mestrado, FEEC -- UNICAMP},
month = {Agosto},
year = {2008},
note= {http://libdigi.unicamp.br/document/?code=000434938},
}

@InProceedings{CSO08,
author = {M. Coelho and S. Soares and A. R. L. Oliveira},
title =  {Fluxo de Potência Ótimo com Reserva de Potência Através
de Métodos de Pontos Interiores},
booktitle = {Anais do XVII Congresso Brasileiro de Automática, Juíz de Fora},
year = {2008},
}

@techreport{Comp08,
author = {Emerson Chagas Costa},
title = {Estudo de Fluxo de Potência com Aplicação dos Métodos Diretos nas
Resoluções dos Sistemas de Equações Lineares},
institution= {Dissertação de Mestrado Profissional, IMECC -- UNICAMP},
month = {Fevereiro,},
year = {2008},
note= {http://libdigi.unicamp.br/document/?code=vtls000436834},
}

@phdthesis{Az06,
author = {Aníbal Tavares Azevedo},
title = {Métodos de Pontos Interiores Aplicados em Sistemas de Potência
Modelados por Fluxo em Redes},
school= {FEEC -- UNICAMP},
address= {Campinas SP},
month= {Março,},
year = {2006},
note= {http://libdigi.unicamp.br/document/?view=vtls000377599},
}

@PhdThesis{Ca95,
author = {Campos, F. F.},
title = {Analysis of Conjugate Gradients - type methods for solving linear equations},
school = {Oxford University Computing Laboratory},
address = {Oxford},
year = {1995},
}

@phdthesis{Li05,
author = {Lilian Milena Ramos Carvalho},
title = {Métodos de Pontos Interiores
Aplicados Pré-Despacho de um Sistema Hidroelétrico Usando o Princípio de
Mínimo Esforço -- Comparação com o Modelo de Fluxo em Redes},
school= {ICMC -- USP},
address= {São Carlos SP},
month= {Novembro,},
year = {2005},
note= {http://www.teses.usp.br/teses/disponiveis/55/55134/tde-06072006-153856/},
}

@article{ACOS01b,
author = {A. T. Azevedo and M. F. Carvalho and A. R. L. Oliveira and S. Soares},
title = {Problema de Fluxo de Potência Ótimo DC com Grafo Generalizado via
Método de Pontos Interiores com Restrições Adicionais},
journal = {Anais do XXXIII Simpósio Brasileiro de Pesquisa Operacional,
em CD-ROM, Campos do Jordão, SP},
pages = {1454--1462},
year = {2001},
}

@article{ACOS02a,
author = {A. T. Azevedo and M. F. Carvalho and A. R. L. Oliveira and S. Soares},
title = {Métodos de Pontos Interiores Aplicados a Problemas de Multifluxo com
Restrições Adicionais},
journal = {Tendências em Matemática Aplicada e Computacional},
volume =  {3}, number = {5},
pages = {41--50},
year = {2002},
}

@article{ACOS02b,
author = {A. T. Azevedo and M. F. Carvalho and A. R. L. Oliveira and S. Soares},
title = {Planejamento e Controle da Produção via Fluxos em Redes com Métodos
de Pontos Interiores},
journal = {Anais do XIV Congresso Brasileiro de Automática - CBA},
pages = {3035--3040},
year = {2002},
}

@article{AOSC04,
author = {A. T. Azevedo and A. R. L. Oliveira and S. Soares and M. F. Carvalho},
title = {Eficiência e Robustez de Métodos de Pontos Interiores no
Planejamento e Controle da Produção Modelado por Fluxos em Redes},
journal = {Anais do XXXVI Simpósio Brasileiro de Pesquisa Operacional},
pages = {1917--1927},
year = {2004},
}

@article{AOS05,
author = {A. T. Azevedo and A. R. L. Oliveira and S. Soares},
title = {Planejamento da Operação Energética Via Métodos de Pontos Interiores},
journal = {Anais do XXXVII Simpósio Brasileiro de Pesquisa Operacional},
pages = {1959--1970},
year = {2005},
}

@article{AMMOCSF05,
author = {A. T. Azevedo and A. A. Mota and L. T. M. Mota and A. R. L. Oliveira
and M. F. Carvalho and S. Soares and A. L. M. França},
title = {Visualização de Soluções de Fluxo de Potência Ótimo {DC} via
Métodos de Pontos Interiores para Sistemas Elétricos de Grande Porte},
journal = {Anais do XXXVII Simpósio Brasileiro de Pesquisa Operacional},
pages = {2060--2071},
year = {2005},
}

@article{AOHS04,
author = {A. T. Azevedo and A. R. L. Oliveira and C. J. P. Humpiri and
S. Soares},
title = {Um Estudo Sobre a Otimização da Operação de Reservatórios de
Usinas Hidrelétricas},
journal = {Anais do XXV Iberian Latin-American Congress on Computational
Methods in Engineering},
pages = {1--15},
year = {2004},
}

@article{AOS04,
author = {A. T. Azevedo and A. R. L. Oliveira and S. Soares},
title = {Uma Alternativa na Obtenção de Métodos de Pontos Interiores Orientados
a Objetos Explorando Estruturas Esparsas para Problemas de Otimização},
journal = {Anais do XXV Iberian Latin-American Congress on Computational
Methods in Engineering},
pages = {1--15},
year = {2004},
}

@article{AOS06,
author = {A. T. Azevedo and A. R. L. Oliveira and S. Soares},
title = {An Interior Point Method for Long Term Scheduling of Large Scale
Hydrothermal Systems},
journal = {Anais do XIII Congreso Latino-Iberoamericano de Investigación de
Operaciones y Sistemas},
pages = {1--6},
year = {2006},
}

@article{ACOS09,
author = {A. T. Azevedo and C. A. Castro and A. R. L. Oliveira and S. Soares},
title = {Security Constraint Optimal Active Power Flow via Network Model
and Interior Point Method},
journal = {SBA: Controle \& Automação},
pages = {206--216},
volume = {20}, number= {2},
year = {2009},
}

@article{AROS10,
author = {A. T. Azevedo and M. J. Rider and A. R. L. Oliveira and S. Soares},
title = {How to efficiently incorporate facts devices in optimal active
power flow model},
journal = {Journal of Industrial and Management Optimization},
pages = {315--331},
volume = {6}, number= {2},
year = {2010},
}

@article{AOS08,
author = {A. T. Azevedo and A. R. L. Oliveira and S. Soares},
title = {Interior Point Method for Long-Term Generation Scheduling
of Large-Scale Hydrothermal Systems},
journal = {Annals of Operations Research},
pages = {55--80},
volume = {169}, number= {1},
year = {2009},
}

@article{BCO05,
author = {S. Bocanegra and F. F. Campos and A. R. L. Oliveira},
title = {Using a Hybrid Preconditioner for Solving Large-Scale Linear
Systems arising from Interior Point Methods},
journal = {International Conference on Preconditioning
Techniques for Large Sparse Matrix Problems in Scientific and Industrial
Applications - SIAM},
pages = {2--4},
year = {2005},
}

@article{BCO06,
author = {S. Bocanegra and F. F. Campos and A. R. L. Oliveira},
title = {Using a Hybrid Preconditioner for Solving Large-Scale Linear
Systems arising from Interior Point Methods},
journal = {Computational Optimization and Applications},
note = {Special issue on
``Linear Algebra Issues arising in Interior Point Methods''},
pages = {149--164},
volume = {36}, number= {1--2},
year = {2007},
}

@article{VOC08,
author = {M. I. Velazco and A. R. L. Oliveira and F. F. Campos},
title = {A note on hybrid preconditions for large scale
normal equations arising from interior-point methods},
journal = {Optimization Methods and Software},
pages = {321--332},
volume = {25}, number= {2},
year = {2010},
}

@article{CO04,
author = {M. C. C. Cunha and A. R. L. Oliveira},
title = {Transferência de Escala da Permeabilidade Usando Ajustes Quadráticos},
journal = {Anais do XXV Iberian Latin-American Congress on Computational
Methods in Engineering},
pages = {1--9},
year = {2004},
}

@article{CO02a,
author = {C. B. Barboza and A. R. L. Oliveira},
title = {Planejamento do Tratamento
por Radioterapia Através de Métodos de Pontos Interiores},
journal = {Anais do XXXIV Simpósio Brasileiro de Pesquisa Operacional
SBPO -- RJ, em CD-ROM, Arq. 087},
pages = {1--12},
year = {2002},
}

@article{CO02b,
author = {C. B. Barboza and A. R. L. Oliveira},
title = {Aplicação de Métodos
de Pontos Interiores no Planejamento do Tratamento por Radioterapia},
journal = {XXV Congresso Nacional de Matemática Aplicada e Computacional,
Nova Friburgo, RJ},
pages = {308},
year = {2002},
}

@article{BO06,
author = {C. B. Barboza and A. R. L. Oliveira},
title = {Planejamento do Tratamento
por Radioterapia Através de Métodos de Pontos Interiores},
journal = {Pesquisa Operacional},
volume  = {26},
pages = {1-24},
year = {2006},
}

@article{BO02a,
author = {Glaucia Maria Bressan and A. R. L. Oliveira},
title = {Solução de Sistemas Lineares Esparsos
-- Aplicação À Programação de Lotes e Cortes},
journal = {Anais do XXXIV Simpósio Brasileiro de Pesquisa Operacional
SBPO -- RJ, em CD-ROM, Arq. 008},
pages = {1--11},
year = {2002},
}

@article{BO02b,
author = {Glaucia Maria Bressan and A. R. L. Oliveira},
title = {Atualização Eficiente da Decomposição {$LU$}
na Programação de Lotes e Cortes},
journal = {Tendências em Matemática Aplicada e Computacional},
month = {Dezembro},
volume  = {4},
pages = {1--10},
year = {2003},
}

@article{BO04,
author = {Glaucia Maria Bressan and A. R. L. Oliveira},
title = {Reordenamento Eficiente das Colunas Básicas
na Programação de Lotes e Cortes},
journal = {Pesquisa Operacional},
volume  = {4},
pages = {323--337},
year = {2004},
}

@article{BGZ04,
author  = {L. Bergamaschi and J. Gondzio and G. Zilli},
title   = {Preconditioning Indefinite Systems
in Interior Point Methods for Optimization},
journal = {Computational Optimization and Applications},
volume  = {28},
year    = {2004},
pages   = {149--171}
}

@article{BGVZ07,
author  = {L. Bergamaschi and J. Gondzio and M. Venturin and G. Zilli},
title   = {Inexact constraint preconditioners for linear systems
arising in interior point methods},
journal = {Computational Optimization and Applications},
pages = {137--147},
volume = {36}, number= {1--2},
year    = {2007},
}

@article{CG08,
author  = {M. Colombo and J. Gondzio},
title = {Further development of multiple centrality correctors for
interior point methods},
journal = {Computational Optimization and Applications},
pages = {277--305},
volume = {41},
year    = {2008},
}

@article{GG08,
author  = {J. Gondzio and A. Grothey},
title = {A new unblocking technique to warmstart interior point methods
based on sensitivity analysis},
journal = {SIAM Journal on Optimization},
pages = {1184--1210},
volume = {19}, number= {3},
year    = {2008},
}

@inbook{EAV09,
author = {A. Engau and M. F. Anjos and A. Vannelli},
title = {A primal-dual slack approach to warmstarting interior-point
methods for linear programming},
publisher = {Operations Research and Cyber-Infrastructure},
address= {Springer},
pages = {195--217},
year = {2009},
}

@article{CT07,
author  = {J. S. Chai and K. C. Toh},
title   = {Preconditioning and iterative solution of symmetric
indefinite linear systems arising from interior point
methods for linear programming},
journal = {Computational Optimization and Applications},
pages = {221--247},
volume = {36}, number= {1--2},
year    = {2007},
}

@article{BO01,
author = {G. Bressan and A. R. L. Oliveira},
title = {Solução de Sistemas Lineares Esparsos -- Aplicação à Programação
de Lotes e Cortes},
journal = {Anais da V Oficina de Problemas de Corte e Empacotamento,
São J. dos Campos, SP},
pages = {27},
year = {2001},
}

@article{BP75,
author = {I. Barrodale and C. Phillips},
title = {Algorithm 495: Solution of an Overdetermined System of Linear Equations
in the {C}hebychev Norm},
journal = {ACM Trans. on Mathematical Software},
volume =  {1},
pages = {264--270},
year = {1975},
}

@article{BR73,
author = {I. Barrodale and F. D. K. Roberts},
title = {An Improved Algorithm for Discrete  $l_{1}$ Linear Approximation},
journal = {SIAM J. Numer. Anal.},
volume =  {10}, number = {5},
pages = {839--848},
year = {1973},
month = {October},
}

@article{BR74,
author = {I. Barrodale and F. D. K. Roberts},
title = {Algorithm 478: Solution of an Overdetermined System of Equations in the  $l_{1}$ Norm},
journal = {Communications of the ACM},
volume =  {17}, number = {6},
pages = {319--320},
year = {1974},
month = {June},
}

@article{BR78,
author = {I. Barrodale and F. D. K. Roberts},
title = {An Efficient Algorithm for Discrete $l_{1}$ Linear Approximation with Linear Constraints},
journal = {SIAM J. Sci. Statist. Comput.},
volume =  {15},
pages = {603--611},
year = {1978},
}

@inbook{BaHe96,
author = {A. Battermann and M. Heinkenschloss},
title = {Preconditioners for Karush-Kunh-Tucker Matrices
Arising in the Optimal Control of Distributed System},
publisher = {Optimal Control of Partial Differential Equations},
address= {Birkhäuser Verlag, Berlin},
pages = {15--32},
year = {1998},
}

@article{BGT81,
author = {R. G. Bland and D. Goldfarb and M. J. Todd},
title = {The Ellipsoid Method: a Survey},
journal = {Operations Research Letters},
volume =  {29},
pages = {1039--1091},
year = {1981},
}

@article{BP71,
author = {J. R. Bunch and B. N. Parlett},
title = {Direct Methods for Solving Symmetric Indefinite
Systems of Linear Equations},
journal = {SIAM Journal Numerical Analysis},
volume =  {8},
pages = {639--655},
year = {1971},
}

@article{Bi92,
author = {R. E. Bixby},
title = {Implementing the Simplex Method: the Initial Basis},
journal = {ORSA Journal on Computing},
volume =  {4},
pages = {267--284},
year = {1992},
}

@book{Bj96,
author = {A. Bj\"orck},
title = {Numerical Methods for Least Squares Problems},
year = {1996},
publisher = {SIAM Publications, SIAM},
address = {Philadelphia, PA, USA},
}

@article{BS93,
author = {R. E. Bixby and M. J. Saltzman},
title = {Recovering an optimal {LP} basis from an interior point solution},
journal = {Operations Research Letters},
volume =  {15}, number = {4},
pages = {169--178},
year = {1993},
}

@article{BrPe86,
author = {D. Braess and P. Peisker},
title = {On the Numerical Solution of the Biharmonic Equation and
the Role of Squaring Matrices},
journal = {IMA J. Numer. Anal.},
volume =  {6},
pages = {393--404},
year = {1986},
}

@article{BMW75,
author = {A. L. Brearley and G. Mitra and H. P. Williams},
title = {Analysis of Mathematical Programming Problems
Prior to Applying the Simplex Algorithm},
journal = {Mathematical Programming},
volume =  {8},
pages = {54--83},
year = {1975},
}

@phdthesis{Bo05,
author = {Silvana Bocanegra},
title = {Algoritmos de {Newton-Krylov} Precondicionados para Métodos de Pontos
Interiores},
school= {DCC -- UFMG},
address= {Belo Horizonte MG},
year = {2005},
}

@techreport{Br03,
author = {Glaucia Maria Bressan},
title = {Solução de sistemas lineares esparsos - aplicação à programação de
lotes e cortes},
institution = {Dissertação de Mestrado, ICMC -- USP},
address= {São Carlos SP},
month = {Março,},
year = {2003},
Note= {http://www.teses.usp.br/teses/disponiveis/55/55134/tde-13062003-121925/},
}

@article{BuPa71,
author = {J. R. Bunch and B. N. Parlett},
title = {Direct Methods for Solving Symmetric Indefinite
Systems of Linear Equations},
journal = {SIAM J. Numer. Anal.},
volume =  {8},
pages = {639--655},
year = {1971},
}

@article{BKR91,
author = {R. S. Burkard and S. Karisch and F. Rendl},
title = {{QAPLIB} - {A} Quadratic Assignment Problem Library},
journal = {European Journal of Operations Research},
volume =  {55},
pages = {115--119},
year = {1991},
}

@article{OC03a,
author = {Daniela Renata Cantane and Aurelio Ribeiro Leite Oliveira},
title = {O Método de Pontos Interiores Primal-Dual Barreira Logarítmica
Aplicado ao Problema de Regressão pela Norma {$L_p$}},
journal = {Anais do XXXV Simpósio Brasileiro de
Pesquisa Operacional -- SBPO, Natal RN},
pages = {2005--2014},
year = {2003},
}

@article{OC03b,
author = {Daniela Renata Cantane and Aurelio Ribeiro Leite Oliveira},
title = {Métodos de Pontos Interiores Aplicados ao Problema
de Regressão pela Norma {$L_p$}} ,
journal = {XXV Congresso Nacional de Matemática
Aplicada e Computacional, S. J. do Rio Preto},
year = {2003},
}

@article{OC04a,
author = {Aurelio Ribeiro Leite Oliveira and Daniela Renata Cantane},
title = {Regressão pela Norma {$L_p$} via Métodos de Pontos Interiores Primais
Duais},
journal = {Anais do XII Congreso Latino-Iberoamericano de Investigación de
Operaciones y Sistemas},
pages = {1--6},
year = {2004},
}

@article{OC04b,
author = {Aurelio Ribeiro Leite Oliveira and Daniela Renata Cantane},
title = {Métodos de Pontos Interiores Aplicados
ao Problema de Regressão pela Norma {$L_p$}},
journal = {Tendências em Matemática Aplicada e Computacional},
volume =  {5},
pages = {281--291},
year = {2004},
}

@article{CO06,
author = {Daniela Renata Cantane and Aurelio Ribeiro Leite Oliveira},
title = {Técnicas de Atualização da Decomposição {LU} da Base no Método Simplex},
journal = {Anais do XXXVIII Simpósio Brasileiro de
Pesquisa Operacional -- SBPO, Goiânia, GO},
pages = {1966--1971},
year = {2006},
}

@article{COL06,
author = {D. R. Cantane and A. R. L. Oliveira and C. Lyra},
title = {Techniques of the Simplex Basis {LU} Factorization Update},
journal = {Anais do XIII Congreso Latino-Iberoamericano de Investigación de
Operaciones y Sistemas},
pages = {1--6},
year = {2007},
}

@article{COL07,
author = {D. R. Cantane and A. R. L. Oliveira and C. Lyra},
title = {Reordenamento Estático na Atualização da Decomposição {LU} no Método
Simplex},
journal = {Tendências em Matemática Aplicada e Computacional},
volume =  {8},
pages = {211--218},
year = {2007},
}

@article{CO10,
author = {D. R. Cantane and A. R. L. Oliveira},
title = {An Efficient Simplex {LU} Factorization Update},
journal = {International Journal of Pure and Applied Mathematics},
volume =  {10},
pages = {239--244},
year = {2010},
}

@phdthesis{Ci99,
author = {Marcelo A. Cicogna},
title = {Modelo de Planejamento da Operação Energética de Sistemas
Hidrotérmicos a Usinas Individualizadas Orientado por Objetos},
school= {FEEC -- Unicamp},
address= {Campinas, SP},
year = {1999},
}

@techreport{CID03,
author = {Cecília Bollini Barboza Cid},
title = {Planejamento do Tratamento
por Radioterapia Através de Métodos de Pontos Interiores},
institution = {Dissertação de Mestrado, ICMC -- USP},
address= {São Carlos SP},
month = {Abril,},
year = {2003},
Note= {http://www.teses.usp.br/teses/disponiveis/55/55134/tde-22052003-203905/},
}

@book{CCCO87,
author = {Marcos Carneiro and Celso Cavellucci and Paulo Barros Correia and
Aurelio Ribeiro Leite Oliveira},
title = {Otimização na Compra e Transporte de Materiais
Um Modelo Din\^{a}mico},
publisher= {SNTEE},
address= {Belo Horizonte MG},
year = {1987},
}

@book{CCO88a,
author = {Marcos Carneiro and Celso Cavellucci and
Aurelio Ribeiro Leite Oliveira},
title = {Heurísticas para Roteamento de Veículos},
publisher= {Trabalho apresentado no $1^{\underline{o}}$ Encontro de Usuários
de Informática da CPFL},
address= {Campinas SP},
year = {1988},
}

@book{CCO88b,
author = {Marcos Carneiro and Celso Cavellucci and
Aurelio Ribeiro Leite Oliveira},
title = {Um Gerenciador da Topologia de Redes Elétricas},
publisher= {Trabalho apresentado no $1^{\underline{o}}$ Encontro de Usuários
de Informática da CPFL},
address= {Campinas SP},
year = {1988},
}

@book{CCO88c,
author = {Marcos Carneiro and Celso Cavellucci and
Aurelio Ribeiro Leite Oliveira},
title = {Simulador de Manobras para Redes de Distribuição Elétrica},
publisher= {Trabalho apresentado no $1^{\underline{o}}$ Encontro de Usuários
de Informática da CPFL},
address= {Campinas SP},
year = {1988},
}

@book{CCO90,
author = {Marcos Carneiro and Celso Cavellucci and
Aurelio Ribeiro Leite Oliveira},
title = {Desempenho de Linguagens de Programação em Algoritmos de Otimização},
publisher= {V Congreso Latinoamericano de Investigacion Operativa e Ingenieria
de Sistemas - CLAIO},
address= {Buenos Aires Argentina},
year = {1990},
}

@article{CO03a,
author = {Lilian Milena Ramos Carvalho and Aurelio Ribeiro Leite Oliveira},
title = {Pré-Despacho de Sistemas de Potência Hidrelétricos via Método de
Pontos Interiores},
journal = {Anais do XXXV Simpósio Brasileiro de
Pesquisa Operacional -- SBPO, Natal RN},
pages = {2015--2028},
year = {2003},
}

@article{CO03b,
author = {Lilian Milena Ramos Carvalho and Aurelio Ribeiro Leite Oliveira},
title = {Simplificação de modelos de otimização - Aplicação ao problema
de pré-despacho de sistemas de potência.},
journal = {$XXV$ Congresso Nacional de Matemática
Aplicada e Computacional, S. J. do Rio Preto},
year = {2003},
}

@article{OR04,
author = {Aurelio Ribeiro Leite Oliveira and Lilian Milena Ramos Carvalho},
title = {O Problema de Pré-despacho DC via
Pontos Interiores e o Princípio do Mínimo Esforço},
journal = {Anais do XV Congresso Brasileiro de Automática -- CBA, Gramado, RS},
pages = {1--6},
year = {2004},
}

@article{CO05,
author = {L. M. R. Carvalho and Aurelio Ribeiro Leite Oliveira},
title = {Comparação entre duas formulações do problema de minimização
das perdas no pré-despacho por métodos de pontos interiores},
journal = {Anais do V Encontro Regional de Matemática Aplicada e Computacional
Natal RN},
pages = {1--6},
year = {2005},
}

@article{CO09,
author = {L. M. R. Carvalho and Aurelio Ribeiro Leite Oliveira},
title = {Primal-Dual Interior Point Method Applied to the
Short Term Hydroelectric Scheduling Including a Perturbing Parameter},
journal = {IEEE Latin America Transactions},
volume =  {7}, number = {2},
pages = {533--538},
year = {2009},
}

@article{Ca00,
author = {Jordi Castro},
title = {A Specialized Interior-Point Algorithm for Multcommodity Network
Flows},
journal = {SIAM J. Optimization},
volume =  {10}, number = {3},
pages = {852--877},
year = {2000},
}

@article{COS01,
author = {Fabio G. Chiavegato and Aurelio Ribeiro Leite Oliveira and Secundino
Soares},
title = {Pré-Despacho de Sistemas de Energia Elétrica Via
Relaxação {L}agrangeana e Métodos de Pontos Interiores},
journal = {Anais do XXII Iberian Latin-American Congress on Computational
Methods in Engineering -- CILAMCE, Campinas SP, CIL110},
pages = {1--24},
year = {2001},
}

@article{CLO88,
author = {Paulo Barros Correia and Christiano Lyra and
Aurelio Ribeiro Leite Oliveira},
title = {Implementação Computacional de Algoritmo Polinomial
de Programação Linear: Aplicação ao Planejamento
da Operação de Sistemas Hidrelétricos},
journal = {Anais do VII Congresso Brasileiro
de Automática, São J. dos Campos, SP},
volume =  {2},
pages = {924--929},
year = {1988},
}

@article{CFF99,
author = {Marcius Fabius Carvalho and Carlos Fernandes and P. Ferreira},
title = {Multiproduct, Multistage Production Scheduling for Manufacturing
Systems},
journal = {Production Planning \& Control},
pages = {671--681},
year = {1999},
}

@article{CSO88,
author = {Marcius Fabius Carvalho and Secundino Soares and T. Ohishi},
title = {Optimal Active Power Dispatch by Network Flow Approach},
journal = {IEEE Transactions on Power Systems},
volume =  {3}, number = {3},
pages = {1640--1647},
year = {1988},
}

@article{CMS90,
author = {I. C. Choi and C. L. Monma and D. F. Shanno},
title = {Further Development of a Primal-Dual Interior Point Method},
journal = {ORSA Journal on Computing},
volume =  {2},
pages = {304--311},
year = {1990},
}

@article{CMWW96,
author = {Joseph Czyzyk and S. Mehrotra and Michael Wagner and
Stephen J. Wright},
title = {{PC}x An Interior Point Code for Linear Programming},
journal = {Optimization Methods \& Software},
volume =  {11-2}, number = {1-4},
pages = {397--430},
year = {1999},
}

@article{CL92a,
author = {Thomas F. Coleman and Yuying Li},
title = {A Globally and Quadratically Convergent Affine Scaling Method for Linear $l_{1}$ Problems},
journal = {Mathematical Programming},
volume =  {56},
pages = {189--222},
year = {1992},
}

@article{CL92b,
author = {Thomas F. Coleman and Yuying Li},
title = {A Global and Quadratically Convergent Method for Linear $l_{\infty}$ Problems},
journal = {SIAM J. Numer. Anal.},
volume =  {29},  number={4},
pages = {1166--1186},
year = {1992},
}

@article{Li93,
author = {Yuying Li},
title = {A Globally Convergent Method for $l_p$ Problems},
journal = {SIAM J. Optimization},
volume =  {3},  number={3},
pages = {609--629},
year = {1993},
}

@article{CoPo86,
author = {T. F. Coleman and A. Pothen},
title = {The Null Space Problem {I}. {C}omplexity},
journal = {SIAM J. Alg. Disc. Meth.},
volume =  {7},
pages = {527--539},
year = {1986},
}

@article{CoPo87,
author = {T. F. Coleman and A. Pothen},
title = {The Null Space Problem {II}. {A}lgorithms},
journal = {SIAM J. Alg. Disc. Meth.},
volume =  {8},
pages = {544--563},
year = {1987},
}

@inbook{Da51,
author = {G. B. Dantzig},
title = {Maximization of a Linear Function of Variables subject to Linear
Inequalities},
publisher = {Activity Analysis of Production and Allocation,
(T. C. Koopmans ed.)},
pages = {339--347},
address = {Wiley, New York},
year = {1951},
}

@techreport{Da91,
author = {G. B. Dantzig},
title = {Converting a converging algorithm into a
polynomially bounded algorithm},
institution = {SOL 91-5 Stanford University},
year = {1991},
}

@techreport{Da92,
author = {G. B. Dantzig},
title = {An $\epsilon$-precise feasible solution to a linear
program with a convexity constraint in $\frac{1}{\epsilon^{2}}$
iterations independent of problem size},
institution= {Stanford University},
month= {SOL 92-5,},
year = {1992},
}

@book{DT92,
author = {G. B. Dantzig and M. N. Thapa},
title = {Linear Programming 2: Theory and Extensions},
publisher={Springer},
address = {New York},
year = {1992},
}

@article{Di,
author = {I. I. Dikin},
title = {Iterative Solution of Problems of Linear and Quadratic Programming},
journal = {Soviets Math. Doklady},
volume =  {8},
pages = {674--675},
year = {1967},
}

@article{Do87,
author = {Yadolah Dodge},
title = {An Introduction to $L_{1}$-norm Based Statistical Data Analysis},
journal = {Computational Statistics \& Data Analysis},
volume = {5}, number = {4},
month = {September},
pages = {239--253},
year = {1987},
}

@book{DS96,
author={John E. Dennis and Robert B. Schnabel},
title={Numerical Methods for Unconstrained Optimization and Nonlinear
        Equations},
publisher={SIAM},
address = {Philadelphia, PA},
year = {1996},
}

@article{DG06,
author = {J. Dominguez and M. Gonz\'alez-Lima},
title =  {A primal-dual interior-point algorithm for quadratic programming},
journal = {Numerical Algorithms},
Volume = {42},
pages = {1--30},
year = {2006},
}

@techreport{DV94,
author = {Antonio M. Duarte and Robert J. Vanderbei},
title = {Interior Point Algorithms for {LSAD} and {LMAD} Estimation},
institution = {SOR 94-07 Princeton University},
year = {1994},
}

@article{Du81,
author = {I. S. Duff},
title = {On Algorithms for Obtaining a Maximum Transversal},
journal = {ACM Trans. Math. Software},
volume =  {7},
pages = {315--330},
year = {1981},
}

@article{Du90,
author = {I. S. Duff},
title = {The Solution of Large-Scale Least-Square Problems
on Supercomputers},
journal = {Annals Oper. Res.},
volume =  {22},
pages = {241--252},
year = {1990},
}


@techreport{Du02,
author = {I. S. Duff},
title = {{MA57} A New Code for the Solution of Sparse Symmetric Definite and
Indefinite Systems},
institution= {RAL 2002-024, Rutherford Appleton Laboratory},
address= {Oxfordshire, England},
year = {2002},
}

@book{DER86,
author = {I. S. Duff and A. M. Erisman and J. K. Reid},
title = {Direct Methods for Sparse Matrices},
publisher = {Clarendon Press},
address = {Oxford},
year = {1986},
}

@article{DM89,
author = {I. S. Duff and G. A. Meurant},
title = {The effect of ordering on preconditioned conjugate gradients},
journal = {BIT},
volume =  {29}, number = {4},
pages = {635--657},
year = {1989},
}

@article{DR78,
author = {I. S. Duff and J. K. Reid},
title = {An Implementation of {T}arjan's Algorithm for the Block
Triangularization of a Matrix},
journal = {ACM Trans. Math. Software},
volume =  {4},
pages = {137--147},
year = {1978},
}

@article{DR03,
author= {Durazzi, C. and Ruggiero, V.},
title= {Indefinitely Preconditioned Conjugate Gradient Method for Large Sparse Equality and Inequality Constrained Quadratic Problems},
journal= {Numerical Linear Algebra with Applications},
volume = {10},
pages = {673--688},
year= {2003},
}

@inbook{CS87,
editor = {Yadolah Dodge},
title = {Computational Statistics \& Data Analysis},
publisher = {Special Issue on Statistical Data Analysis Based on the
          $L_{1}$ Norm and Related Methods},
volume = {5(4)},
pages = {237--453},
month = {September},
year = {1987},
}

@article{ETTZ96,
author = {A. S. El-{B}akry and R. A. Tapia and T. Tsuchiya and Y. Zhang},
title = {On the Formulation and the Theory of the {N}ewton
Interior-Point Method for Nonlinear Programming},
journal = {Journal of Optimization Theory and Applications},
volume =  {89},
pages = {507--541},
year = {1996},
}

@article{ETZ94,
author = {A. S. El-{B}akry and R. A. Tapia and Y. Zhang},
title = {A Study of Indicators for Identifying Zero Variables in
Interior-Point Methods},
journal = {SIAM Rev.},
volume =  {36},
pages = {45--72},
year = {1994},
}

@article{ElGo93,
author = {H. C. Elman and G. H. Golub},
title = {Inexact and Preconditioned {U}zawa Algorithms for Saddlepoint
Problems},
journal = {SIAM Journal Numerical Analysis},
volume =  {31}, number = {6},
pages = {1645--1661},
year = {1994},
}

@article{EF00,
author = {M. Epelman and R. M. Freund},
title = {Condition number complexity of an elementary
algorithm for computing a reliable solution of a conic linear system},
journal = {Mathematical Programming},
volume =  {88},
pages = {451--485},
year = {2000},
}

@article{Fl86,
author = {M. Florian},
title = {Nonlinear Cost Network Models in Transportation Analysis},
journal = {Mathematical Programming Study},
volume =  {26},
pages = {167--196},
year = {1986},
}

@article{FLO90,
author = {Paulo Fogaça and Christiano Lyra and
Aurelio Ribeiro Leite Oliveira},
title = {Planejamento de um Sistema de Mecanização Agrícola
Através de Algoritmo Linear de Ponto Interior num
Processo de Branch and Bound},
journal = {Anais do VIII Congresso Brasileiro
de Automática, Belém, PA},
volume =  {1},
pages = {374--378},
year = {1990},
}

@InProceedings{FS55,
author = {Forsythe, G. E. and Straus, E. G.},
title =  {On best conditioned matrices},
booktitle = {Proceedings of the Amer. Math. Soc.},
pages = {340--345},
year = {1955},
volume = {6},
}
@article{FoMe92,
author = {R. Fourer and S. Mehrotra},
title = {Performance on an Augmented System Approach
for Solving Least-Squares Problems in an Interior-Point
Method for Linear Programming},
journal = {Mathematical Programming Society COAL Newsletter},
volume =  {19},
pages = {26--31},
year = {1992},
}

@article{FCS94,
author = {P. Franco and Marcius Fabius Carvalho and Secundino Soares},
title = {A Network Flow Model for Short-Term Hydro-Dominated Hydrothermal
Scheduling Problem},
journal = {IEEE Transactions on Power Systems},
volume =  {9}, number = {2},
pages = {1016--1021},
year = {1994},
}

@article{FrJa95,
author = {R. W. Freund and F. Jarre},
title = {A {QMR}-Based Interior-Point Algorithm for Solving
Linear Programs},
journal = {Mathematical Programming},
volume =  {76},
pages = {183--210},
year = {1997},
}

@article{GH87,
author = {Jacqueline S. Galpin and Douglas M. Hawkins},
title = {Methods of $L_{1}$ Estimation of a Covariance Matrix},
journal = {Computational Statistics & Data Analysis},
volume =  {5},
pages = {305--319},
year = {1987},
}

@article{GN85,
author = {A. George and E. Ng},
title = {An Implementation of {G}aussian Elimination with Partial Pivoting
for Sparse Systems},
journal = {SIAM J. Sci. Statist. Comput.},
volume =  {6},
pages = {390--409},
year = {1985},
}

@article{GMPS92,
author = {P. E. Gill and W. Murray and D. B. Poncele\'{o}n and M. A. Saunders},
title = {Preconditioners for Indefinite Systems Arising in Optimization},
journal = {SIAM J. Matrix Anal. and Applications},
volume =  {13},
pages = {292--311},
year = {1992},
}

@article{GJKKM79,
author = {F. Glover and G. Jones and P. Karbey and D. Klingman and J. Mote},
title = {An Integrated Production, Distribution and Inventory Planning System},
journal = {Interfaces},
volume =  {4}, number = {5},
pages = {21--36},
year = {1979},
}

@phdthesis{Go04,
author = {J. P. M. Gonçalves},
title = {A Family of Linear Programming Algorithms
Based on the Von Neumann Algorithm},
school= {Lehigh University},
address= {Bethlehem},
year = {2004},
}

@article{GSG09,
author = {J. P. M. Gon\c{c}alves and R. H. Storer and J. Gondzio},
title = {A Family of Linear Programming Algorithms Based on an Algorithm
by von {N}eumann},
journal = {Optimization Methods and Software},
volume = {24},
pages = {461--478},
year = {2009},
}

@article{Go12,
author = {J. Gondzio},
title = {Interior Point Methods 25 Years Later},
journal = {European Journal of Operational Research},
volume = {218},
pages = {587--601},
year = {2012},
}

@article{FG92,
author = {John J. Forrest and D. Goldfarb},
title = {Steepest-Edge Algorithms for Linear Programming},
journal = {Mathematical Programming},
volume =  {57},
pages = {341--374},
year = {1992},
}

@article{GIR99,
author = {A. Garzillo and M. Innorta and R. Ricci},
title = {The flexibility of interior point based power flow algorithms facing
critical network situations},
journal = {Electrical Power \& Energy Systems},
volume =  {21},
pages = {579--584},
year = {1999},
}

@book{GvL89,
author = {Gene H. Golub and Van Loan, Charles F.},
title = {Matrix Computations 2nd Edition},
publisher = {The Johns Hopkins University Press},
address = {Baltimore, Maryland},
year = {1989},
}

@book{GL96,
author = {Gene H. Golub and Van Loan, Charles F.},
title = {Matrix Computations Third Edition},
publisher = {The Johns Hopkins University Press},
address = {Baltimore, Maryland},
year = {1996},
}

@article{GW98,
author = {Gene H. Golub and A. J. Wathen},
title = {An Iteration for Indefinite Systems and its Application to the
{N}avier-{S}tokes Equations},
journal = {SIAM Journal on Scientific Computing},
volume =  {19},
pages = {530--539},
year = {1998},
}

@article{GL89,
author = {A. George and W.-H. Liu},
title = {The Evolution of the Minimum Degree Ordering},
journal = {SIAM Review},
volume =  {31},
pages = {1--19},
year = {1989},
}

@techreport{Geo71,
author = {J. A. George},
title = {Computer implementation of the finite element method},
institution = {PhD Thesis, Department of Computer Science,
Stanford University},
year = {1971},
}

@article{Li85,
author = {W.-H. Liu},
title = { Modification of the minimum degree algorithm by
multiple elimination},
journal = {ACM Transactions on Mathematical Software},
volume =  {11},
pages = {141--153},
year = {1985},
}

@article{Go92,
author = {J. Gondzio},
title = {Splitting Dense Columns of Constraint Matrix in Interior Point
Methods for Large Scale Linear Programming},
journal = {Optimization},
volume =  {24},
pages = {285--297},
year = {1992},
}

@article{Go95,
author = {J. Gondzio},
title = {{HOPDM (Version 2.12) -- A fast {LP}} solver based on a primal--dual interior point method},
journal = {European Journal of Operational Research},
volume = {85},
pages = {221--225},
year = {1995},
}


@article{Go96,
author = {J. Gondzio},
title = {Multiple Centrality Corrections in a Primal-Dual Method for
Linear Programming},
journal = {Computational Optimization and Applications},
volume =  {6},
pages = {137--156},
year = {1996},
}

@article{Go97,
author = {J. Gondzio},
title = {Presolve Analysis of Linear Programming Prior to Applying an
Interior Point Method},
journal = {ORSA Journal on Computing},
volume =  {9}, number= {1},
pages = {73--91},
year = {1997},
}

@article{GWW08,
author = {M. Gonz\'alez-Lima and H. Wei and H. Wolkowicz},
title =  {A Stable Iterative Method for Linear Programming},
journal = {Computational Optimization and Applications -- Accepted},
year = {2008},
}

@article{GGWY82,
author = {W.B. Gragg and F.G. Gustavson and D.D. Warner
          and D.Y.Y. Yun},
title = {On Fast Computation of Superdiagonal {P}adé Fractions},
journal = {Mathematical Programming Study},
volume =  {18},
pages = {39--42},
year = {1982},
}

@article{Gr94,
author = {S. Granville},
title = {Optimal Reactive Power Dispatch through Interior Point Methods},
journal = {IEEE Transactions on Power Systems},
volume =  {9}, number = {1},
pages = {136--146},
year = {1994},
}

@article{Ha73,
author = {Paula Harris},
title = {Pivot Selection Methods in the Devex Linear Programming Code},
journal = {Mathematical Programming},
volume =  {7},
pages = {379--392},
year = {1973},
}

@article{HQ92,
author = {I. O. Habiballah and V. H. Quintana},
title = {Exact-Decoupled Rectangular Coordenates State Estimation with
Efficient Data Structure},
journal = {IEEE Transactions on Power Systems},
volume =  {7}, number = {1},
pages = {45--53},
year = {1992},
}

@book{Ha99,
author = {S. U. Haykin},
title = {Neural Network: A comprehensive Foundation 2nd Edition},
publisher = {Prentice Hall},
address = {Upper Saddle River, New Jesey},
year = {1999},
}


@article{HJ90,
author = {G. Heinig and P. Jankowski},
title = {Parallel and Superfast Algorithms for {H}ankel Systems},
journal = {Numerische Mathematik},
volume =  {58},
pages = {109--127},
year = {1990},
}

@article{Ho00,
author = {Allen Holder},
title = {Designing Radio therapy Plans with Elastic Constraints and Interior
Point Methods},
journal = {Health Care and Management Science},
volume= {6}, number= {1},
pages = {5--16},
year = {2003},
}

@article{IKY89,
author = {Hiroshi Imai and Kenji Kato and Peter Yanamoto},
title = {A Linear-Time Algorithm for Linear $L_{1}$ Approximation of Points},
journal = {Algorithmica},
volume =  {4},
pages = {77--96},
year = {1989},
}

@article{IKCBD98,
author = {Irissari, G. and Kimball, L. M. and Clements, K. A. and Bagchi,
A. and Davis, P. W.},
title = {Economic dispatch with network and ramping constraints via
interior point methods},
journal = {IEEE Transactions on Power Systems},
volume =  {13}, number = 1,
pages = {236-242},
year = {1998},
}

@article{IT81,
author = {S. Iwamoto and Y. Tamura},
title = {A Load Flow Calculation Method for Ill-Conditioned Power Systyems},
journal = {IEEE Transactions on Power Applications and Systems},
volume =  {PAS--100},
pages = {1736--1743},
year = {1981},
}

@article{Ja87,
author = {Krzysztof Jajuga},
title = {A Clustering Method Based on the  $L_{1}$-norm},
journal = {Computational Statistics & Data Analysis},
volume =  {5},
pages = {357--371},
year = {1987},
}

@book{JB80,
author = {P. A. Jensen and J. W. Barnes},
title = {Network Flow Programming},
publisher = {Wiley},
address = {New York},
year = {1980},
}

@article{Jo90,
author = {A. T. Johnson},
title = {Optimal Linear Phase Digital Filter Design by One-Phase
Linear Programming},
journal = {IEEE Transactions on Circuits and Systems},
volume =  {37},
pages = {554--558},
year = {1990},
}

@Article{JP95,
author = {M. T. Jones and P. E. Plassmann},
title =  {An improved incomplete {Cholesky} factorization},
journal = {ACM Trans. Math. Software},
year = {1995},
volume = {21},
pages =  {5--17},
}

@article{Ka84,
author = {N. Karmarkar},
title = {A New Polynomial-Time Algorithm for Linear Programming},
journal = {Combinatorica},
volume =  {4}, number = {4},
pages = {373--395},
year = {1984},
}

@article{KGW00,
author = {Keller, C. and  Gould, N. I. M.  and  Wathen, A. J.},
title = {Constraint Preconditioning for Indefinite Linear Systems},
journal = {SIAM Journal on Matrix Analysis and Applications},
volume = {21},
number = {4},
pages = {1300--1317},
year = {2000},
}

@book{KH80,
author = {J. L. Kennington and R. V. Helgason},
title = {Algorithms for Network Programming},
publisher = {Wiley},
address = {New York},
year = {1980},
}

@article{Kh79,
author = {L. G. Khashian},
title = {Polynomial Algorithms in Linear Programming},
journal = {Soviet Mathematics Doklady},
volume =  {20},
pages = {191--194},
year = {1979},
}

@inbook{KM72,
author = {V. Klee and G. J. Minty},
title = {How Good is the Simplex Algorithm?},
publisher = {Inequalities III (O. Shisha, ed.)},
pages = {159--175},
address = {Academic Press, New York},
year = {1972},
}

@book{La70,
author = {L. Lasdon},
title = {Optimization Theory for Large Systems},
publisher={Macmillan},
address = {New York},
year = {1970},
}

@techreport{Lee97,
author = {E. K. Lee},
title = {Private Communication},
}

@article{LO03a,
author = {Aline M. Lima and Aurelio Ribeiro Leite Oliveira},
title = {Método de Pontos Interiores Aplicados ao Fluxo de Potência Ótimo
Usando o Princípio do Mínimo Esforço - Comparação com o Modelo de Fluxo em
Redes},
journal = {Anais do XXXV Simpósio Brasileiro de
Pesquisa Operacional -- SBPO, Natal RN},
pages = {1993-2004},
year = {2003},
}

@article{LO03b,
author = {Aline M. Lima and Aurelio Ribeiro Leite Oliveira},
title = {Comparação entre diferentes abordagens do problema de fluxo de
potência ótimo utilizando método de pontos interiores},
journal = {$XXV$ Congresso Nacional de Matemática
Aplicada e Computacional, S. J. do Rio Preto},
year = {2003},
}

@article{LO04a,
author = {Aurelio Ribeiro Leite Oliveira and Aline M. Lima},
title = {Métodos de Pontos Interiores para
Diferentes Formulações do Fluxo de Potência Ótimo},
journal = {Anais do XXXVI Simpósio Brasileiro de
Pesquisa Operacional -- SBPO, São João del-Rei, MG},
pages = {1979-1988},
year = {2004},
}

@article{LO04b,
author = {Aurelio R. L. Oliveira and Aline M. Lima},
title = {Comparação Entre Diferentes Formulações do Problema de Fluxo
de Potência Ótimo Utilizando o Método de Pontos Interiores},
journal = {Tendências em Matemática Aplicada e Computacional},
volume =  {5},
pages = {267--279},
year = {2004},
}

@InProceedings{LO08a,
author = {A. M. Lima and A. R. L. Oliveira},
title =  {Métodos de Pontos Interiores Aplicados à Operação Ótima de
Redes Hidráulicas Malhadas},
booktitle = {XXXI Congresso Nacional de Matemática Aplicada e Computacional},
pages = {337-342},
year = {2008},
}

@InProceedings{LO08b,
author = {A. M. Lima and A. R. L. Oliveira},
title =  {Métodos de Pontos Interiores Aplicados ao Problema de OperaçãO Ótima
de Redes Hidráulicas Malhadas com Restrição de Pressão Mínima nos Nós},
booktitle = {Anais do XL Simpósio Brasileiro de Pesquisa Operacional
SBPO -- João Pessoa},
pages = {2053-2061},
year = {2008},
}

@book{Lu84,
author = {Luenberger, David G.},
title = {Linear and Nonlinear Programming},
publisher = {Addison-Wesley},
address = {Reading},
year = {1984},
}

@article{LMS91,
author = {I. J. Lustig and R. E. Marsten and D. F. Shanno},
title = {Computational Experience with a Primal-Dual Interior-Point
Method for Linear Programming},
journal = {Linear Algebra Appl.},
volume =  {152},
pages = {191--222},
year = {1991},
}

@article{LMS92,
author = {I. J. Lustig and R. E. Marsten and D. F. Shanno},
title = {On Implementing {M}ehrotra's Predictor-Corrector Interior
Point Method for Linear Programming},
journal = {SIAM Journal on Optimization},
volume =  {2},
pages = {435--449},
year = {1992},
}

@article{LMS94,
author = {I. J. Lustig and R. E. Marsten and D. F. Shanno},
title = {Interior Point Methods for Linear Programming: Computational
State of the Art},
journal = {ORSA Journal on Computing},
volume =  {6},
pages = {1--22},
year = {1994},
}

@techreport{LO88,
author = {Christiano Lyra and Aurelio Ribeiro Leite Oliveira},
title = {Métodos de Pontos Interiores para Programação Linear},
institution = {DENSIS RT018/88, FEE-UNICAMP},
year = {1988},
}

@article{LO89,
author = {Christiano Lyra and Aurelio Ribeiro Leite Oliveira},
title = {Implementação de um Método de Pontos Interiores
para Programação Linear},
journal = {Trabalho apresentado XXII Simpósio
Brasileiro de Pesquisa Operacional- SBPO Fortaleza CE},
pages = {944--951},
year = {1989},
}

@techreport{LO91,
author = {Christiano Lyra and Aurelio Ribeiro Leite Oliveira},
title = {On the Complexity Analysis of Sparse Linear Positive Definite
Systems - An Application to Interior Point Algorithms},
institution = {DENSIS RT002/91, FEE-UNICAMP},
year = {1991},
}

@article{MMW91,
author = {J. Maes and J. O. Mc{C}lain and Van Wassenhove, L. N.},
title = {Multilevel Capacitate Lotsizing Complexity and LP Based Heuristics},
journal = {European Journal of Operations Research},
volume =  {53},
pages = {131--148},
year = {1991},
}

@article{Ma80,
author = {Manteuffel, T. A.},
title = {An incomplete factorization technique for positive definite
linear systems},
journal = {Math. Comp.},
year = {1980},
volume = {34},
number = {150},
pages = {473--497},
}

@article{MS98,
author = {J. M. Martinez and L. T. Santos},
title = {Some New Theoretical Results on Recursive Quadratic Programming
Algorithms},
journal = {Journal of Optimization Theory and Applications},
volume =  {97},
pages = {435--454},
year = {1998},
}

@article{MMS89,
author = {K. A. McShane and C. L. Monma and D. F. Shanno},
title = {An Implementation of a Primal-Dual Interior-Point Method
for Linear Programming},
journal = {ORSA Journal on Computing},
volume =  {1},
pages = {70--83},
year = {1989},
}

@article{Me91,
author = {N. Megiddo},
title = {On Finding Primal- and Dual-Optimal Bases},
journal = {ORSA Journal on Computing},
volume =  {3},
pages = {63--65},
year = {1991},
}

@article{Me92a,
author = {S. Mehrotra},
title = {Implementations of Affine Scaling Methods:
Approximate Solutions of Systems of Linear Equations
Using Preconditioned Conjugate Gradient Methods},
journal = {ORSA Journal on Computing},
volume =  {4},
pages = {103--118},
year = {1992},
}

@article{Me92b,
author = {S. Mehrotra},
title = {On the Implementation of a Primal-Dual Interior Point Method},
journal = {SIAM Journal on Optimization},
volume =  {2}, number = {4},
pages = {575--601},
year = {1992},
}

@techreport{Mek87,
author = {M. S. Meketon},
title = {Least Absolute Value Regression},
institution = {AT\&T Bell Laboratories},
year = {1987},
}

@article{MS74,
author = {G. Merle and H. Sp\"ath},
title = {Computational Experience with Discrete $l_p$ Approximation},
journal = {Computing},
volume = {12},
pages = {315--321},
year = {1974},
}

@article{Me97,
author = {{Cs}. M\'esz\'aros},
title = {The Augmented System Variant of {IPM}s in Two--Stage Stochastic
Linear Programming Computation},
journal = {European Journal of Operations Research},
volume = {101},
pages = {317--327},
year = {1997},
}

@article{Me05,
author = {C. M{\'e}sz{\'a}ros},
title = {The {C}holesky factorization in interior point methods},
journal = {Computers and Mathematics with Applications},
volume = {50},
pages = {1157--1166},
year = {2005},
}

@article{MEA99,
author = {J. A. Momoh and M. E. El-{H}awary and R. Adapa},
title = {A Review of Selected Optimal Power Flow Literature to 1993,
Part {II} {N}ewton, Linear Programming and Interior Point Methods},
journal = {IEEE Transactions on Power Systems},
volume =  {14}, number = {1},
pages = {105--111},
year = {1999},
}

@article{MAR90,
author = {Renato D. C. Monteiro and Ilan Adler and Mauricio G. C. Resende},
title = {A Polynomial-time Primal-Dual Affine Scaling Algorithm for Linear
and Convex Quadratic Programming and its Power Series Extension},
journal = {Mathematics of Operations Research},
volume =  {15},
pages = {191--214},
year = {1990},
}

@article{MSPCPP82,
author = {A. Monticelli and A. Santos and M. V. Pereira and S. H. Cunha and
B. J. Parker and J. C. Praça},
title = {Interactive Transmission Network Planning Using a Least Effort
Criterion},
journal = {IEEE Transactions on Power Apparatus and Systems},
volume =  {10},
pages = {3919-3925},
year = {1982},
}

@Article{Mu80,
author = {N. Munksgaard},
title = {Solving sparse symetric sets of linear equations by preconditioned conjugate gradients},
journal = {ACM Trans. Math. Software},
year =  {1980},
volume = {6},
number = {2},
pages =  {206--219},
}

@article{NW88,
author = {Subhash C. Narula and John F. Wellington},
title = {An Efficient Algorithm for the MSAE and MMAE Regression Problems},
journal = {SIAM J. Sci. Stat. Comput.},
volume =  {9}, number = {4},
pages = {245--253},
year = {1988},
month = {July},
}

@article{Na96,
author = {J. L. Nazareth},
title = {The implementation of linear programming algorithms based on
homotopies},
journal = {Algorithmica},
volume = {15},
year = {1996},
pages = {332--350},
}

@techreport{Ne00,
author = {Leonardo Nepomuceno},
title = {Modelos de Análise da Transmissão e de Pré-Despacho
em Sistemas de Energia Elétrica},
institution = {Relatório Anual -- Terceiro Ano -- FAPESP processo 97/00414-5},
year = {2000},
}

@article{NOOS02,
author = {Leonardo Nepomuceno and A. R. L. Oliveira and T. Ohishi and
Secundino Soares},
title = {Incorporating Voltage/Reactive Representation to Short-Term
Generation Scheduling Models},
journal = {Proceedings of the 2002 IEEE Power Engineering
Society Summer Meeting},
volume =  {3},
pages= {1541--1546},
month = {July},
year = {2002},
}

@article{NOOS02b,
author = {Leonardo Nepomuceno and A. R. L. Oliveira and T. Ohishi and
Secundino Soares},
title = {Um Modelo de Pré-Despacho Ativo/Reativo Para Sistemas Hidrotérmicos
Utilizando Relaxação {L}agrangeana},
journal = {Anais do XIV Congresso Brasileiro de Automática - CBA},
pages= {593--598},
month = {Setembro},
year = {2002},
}

@article{NP93,
author = {Esmond Ng and B. P. Peyton},
title = {Block Sparse {C}holesky Algorithms on Advanced Uniprocessors
Computers},
journal = {SIAM Journal on Scientific Stat. Computing},
volume =  {14},
pages = {1034--1056},
year = {1993},
}

@article{Po92,
author = {R. A. Polyak},
title = {Modified barrier functions (theory and methods)},
journal = {Mathematical Programming},
volume =  {54},
pages = {177--222},
year = {1992},
}

@article{OSC91,
author = {T. Ohishi and Secundino Soares and Marcius Fabius Carvalho},
title = {Short Term Hydrothermal Scheduling Approach for Dominantly Hydro
Systems},
journal = {IEEE Transactions on Power Systems},
volume =  {6}, number = {2},
pages = {637--643},
year = {1991},
}

@book{Ol89,
author = {Aurelio Ribeiro Leite Oliveira},
title = {Algoritmos de Pontos Interiores para Programação Linear
- Estudo e Implementação},
publisher= {Dissertação de Mestrado FEEC UNICAMP},
address= {Campinas SP},
year = {1989},
}

@book{Ol94,
author = {Aurelio Ribeiro Leite Oliveira},
title = {On Solving the Augmented System from Interior Point Methods for
Linear Programming},
publisher= {Dissertação de Mestrado Department of Computational \& Applied
Mathematics, Rice University},
address= {Houston TX},
year = {1994},
}

@techreport{Ol97,
author = {Aurelio Ribeiro Leite Oliveira},
title = {A New Class of Preconditioners for Large-Scale Linear Systems
from Interior Point Methods for Linear Programming},
institution = {PhD Thesis, TR97-11, Department of Computational and
Applied Mathematics, Rice University},
address= {Houston TX},
year = {1997},
}

@article{OB11,
author = {A. R. L. Oliveira and L. F. Berti},
title = {Continued Iterations on Interior Point Methods},
journal = {$19^{th}$ Triennial Conference of the International Federation
of Operational Research Societies, IFORS},
pages = {121},
year = {2011},
}

@InProceedings{BO11,
author = {L. F. Berti and A. R. L. Oliveira},
title =  {Iterações Continuadas Aplicadas ao Método de Pontos Interiores
Preditor Corretor},
booktitle = {Anais do XLIII Simpósio Brasileiro de Pesquisa Operacional
SBPO -- Ubatuba},
pages = {2328-2339},
year = {2011},
}

@article{B00,
author = {Fernando Rocha Villas-B\^oas and Clovis Perin},
title = {Postponing the Choice of Penalty Parameter and Step Length
of Interior Point Algorithms for Linear Programming},
journal = {Computational Optimization and Applications},
volume =  {24},
pages = {63--81},
year = {2003},
}

@article{BOP06,
author = {F. R Villas-B\^oas and A. R. L. Oliveira and C. Perin},
title = {Dynamic Opmization of Parameters for Interior Point Linear Programming
Methods},
journal = {$19^{th}$ International Symposium on Mathematical Programming},
pages = {46--47},
year = {2006},
}

@article{BOP08,
author = {F. R Villas-B\^oas and A. R. L. Oliveira and C. Perin},
title = {A fast and Robust parameter choice for interior point methods},
journal = {$18^{th}$ Triennial Conference of the International Federation
of Operational Research Societies, IFORS},
pages = {18},
year = {2008},
}

@inproceedings{SVOP12a,
author = {L. R. Santos and F. R. Villas-B{\^o}as and A. R. L. Oliveira and C. Perin},
title = {A polynomial optimization subproblem in interior-point methods},
booktitle = {Proceedings of the 21st International Symposium on Mathematical Programming},
year = {2012},
pages = {219},
organization = {Mathematical Optimization Society},
month = aug
}

@inproceedings{SVOP12b,
author = {L. R. Santos and F. R. Villas-B{\^o}as and A. R. L. Oliveira and C. Perin},
title = {Polynomial Inequality Systems in Neighborhoods of the Central Path},
booktitle = {Proceedings of the 3rd IMA Conference on Numerical Linear Algebra and Optimisation},
year = {2012},
pages = {26},
organization = {Institute of Mathematics {\&} its Applications, University of Birmingham},
address = {Birminghan, UK},
month = sep
}

@techreport{Oli99,
author = {Aurelio Ribeiro Leite Oliveira},
title = {Solving Linear Systems from
Interior Point Methods for Linear Programming by Iterative Methods},
institution = {Relatório Anual FAPESP processo 97/04444-6},
year = {1999},
}

@techreport{Ol00,
author = {Aurelio Ribeiro Leite Oliveira},
title = {Métodos de Pontos Interiores
para a Minimização das Perdas no Problema de Pré-Despacho},
institution = {Relatório Semestral FAPESP processo 99/03868-2},
year = {2000},
}

@article{OL91,
author = {Aurelio Ribeiro Leite Oliveira and Christiano Lyra},
title = {Implementação de um Método de Pontos Interiores
para Programação Linear},
journal = {SBA: Controle \& Automação},
volume =  {3}, number = {2},
pages = {370--382},
year = {1991},
}

@article{OL99,
author = {Aurelio Ribeiro Leite Oliveira and Christiano Lyra},
title = {Interior Point Methods for the Polynomial ${L}_{\infty}$
Fitting Problem},
journal = {International Transactions in Operational Research},
volume =  {11}, number = {3},
pages = {309--322},
year = {2004},
}

@techreport{OLN91,
author = {Aurelio Ribeiro Leite Oliveira and Christiano Lyra and
Mário A. Nascimento},
title = {An Interior Point Method Specialized to the ${L}_1$ Regression Problem},
institution = {DENSIS RT001, FEEC-UNICAMP},
year = {1991},
}

@techreport{ONL98,
author = {Aurelio Ribeiro Leite Oliveira and Mário A. Nascimento and
Christiano Lyra},
title = {Efficient Implementation and Benchmark of Interior Point Methods
for the Polynomial ${L}_1$  Fitting Problem},
institution = {DENSIS RT021 Pub. FEEC 021/98 UNICAMP, trabalho aceito para
publicação em Statistics \& Data Analysis},
year = {2000},
}

@article{ONL01,
author = {Aurelio Ribeiro Leite Oliveira and M\'ario A. Nascimento and
Christiano Lyra},
title = {Efficient Implementation and Benchmark of Interior Point Methods
for the Polynomial ${L}_1$  Fitting Problem},
volume =  {35}, number = {2},
pages = {119--135},
journal = {Computational Statistics \& Data Analysis},
year = {2000},
}

@article{ONS00,
author = {Aurelio Ribeiro Leite Oliveira and Secundino Soares and
Leonardo Nepomuceno},
title = {Optimal Active Power Dispatch Combining Network Flow and
Interior Point Approaches},
journal = {IEEE Transactions on Power Systems},
volume =  {18}, number = {4},
pages = {1235--1240},
month = {November},
year = {2003},
}

@article{ONS01,
author = {Aurelio Ribeiro Leite Oliveira and Secundino Soares and
Leonardo Nepomuceno},
title = {Short Term Hydroelectric Scheduling Combining Network Flow and
Interior Point Approaches},
journal = {Electrical Power \& Energy Systems},
volume =  {27}, number = {2},
pages = {91--99},
year = {2005},
}

@article{OP01,
author = {A. R. L. Oliveira and M. A. V. Pinto},
title = {Uma Heurística na Construção de Pré-condicionadores para Métodos de Pontos Interiores},
journal = {XXIV Congresso Nacional de Matemática Aplicada e Computacional,
Belo Horizonte, MG},
volume =  {2},
pages = {432},
year = {2001},
}

@article{OP05a,
author = {A. R. L. Oliveira and R. W. Probst},
title = {Aplicação dos Métodos de Pontos Interiores Primais-Duais ao Problema
de Pré-despacho de um Sistema Hidrotérmico},
journal = {Anais do XXXVII Simpósio Brasileiro de Pesquisa Operacional},
pages = {1900--1908},
year = {2005},
}

@article{OP05b,
author = {A. R. L. Oliveira and R. W. Probst},
title = {Métodos de Pontos Interiores Aplicados ao Problema
de Pré-despacho de um Sistema Hidrotérmico},
journal = {XXVIII Congresso Nacional de Matemática Aplicada e Computacional,
São Paulo, SP},
year = {2005},
}

@article{OP06,
author = {A. R. L. Oliveira and R. W. Probst},
title = {Resolução do Problema de Pré-despacho de um Sistema Hidrotérmico
Utilizando Métodos de Pontos Interiores},
journal = {Anais do XVI Congresso Brasileiro de Automática},
pages = {589--594},
year = {2006},
}

@article{OPST06,
author = {A. R. L. Oliveira and R. W. Probst and S. Soares and A. Thomaz},
title = {Interior point methods applied to the AC active-reactive optimal
power flow problem using cartesian coordinates},
journal = {Proc. Appl. Math. Mech. 7, Zurich},
pages = {2060031--2060032},
year = {2006},
}

@techreport{OS97a,
author = {Aurelio Ribeiro Leite Oliveira and D. C. Sorensen},
title = {A New Class of Preconditioners for Large-Scale Linear
Systems from Interior Point Methods for Linear Programming},
institution = {TR97-27, Department of Computational and
Applied Mathematics, Rice University},
year = {1997},
}

@techreport{OS97b,
author = {Aurelio Ribeiro Leite Oliveira and D. C. Sorensen},
title = {Computational Experience with a Preconditioner for
Interior Point Methods for Linear Programming},
institution = {TR97-28, Department of Computational and
Applied Mathematics, Rice University},
year = {1997},
}

@article{OS03,
author = {Aurelio R. L. Oliveira and D. C. Sorensen},
title = {A New Class of Preconditioners for Large-Scale Linear
Systems from Interior Point Methods for Linear Programming},
journal = {Linear Algebra and Its Applications},
volume = {394},
pages = {1--24},
year = {2005},
}

@article{El99,
author = {H. C. Elman},
title = {Preconditioning for the steady-state {N}avier-{S}tokes
equations with low viscosity},
journal = {SIAM Journal on Scientific Computing},
volume = {20},
pages = {2991--1316},
year = {1999},
}

@article{TAW06,
author = {A. Tits and P.-A. Absil and W. P. Woessner},
title = {Constraint reduction for linear programs with
many inequality constraints},
journal = {SIAM Journal Optimization},
volume = {17}, number = {1},
pages = {119--146},
year = {2006},
}

@article{OS00a,
author = {Aurelio Ribeiro Leite Oliveira and Secundino Soares},
title = {Métodos de Pontos Interiores
para Problema de Fluxo de Potência ótimo},
journal = {Anais do XIII Congresso Brasileiro de Automática, em CD-ROM,
Florianópolis, SC},
pages = {790--795},
year = {2000},
}

@article{OS03a,
author = {Aurelio Ribeiro Leite Oliveira and Secundino Soares},
title = {Métodos de Pontos Interiores
para Problema de Fluxo de Potência ótimo {DC}},
journal = {SBA: Controle \& Automação},
volume = {14}, number = {3},
pages = {278--285},
year = {2003},
}

@article{Oliv99,
author = {Aurelio Ribeiro Leite Oliveira},
title = {Resolução do Sistema Aumentado Oriundo dos Métodos
de Pontos Interiores para Programação Linear por Métodos Iterativos},
journal = {XXXI Simpósio Brasileiro de Pesquisa Operacional --
SBPO, Juiz de Fora MG},
year = {1999},
}

@article{OS00b,
author = {Aurelio Ribeiro Leite Oliveira and Secundino Soares},
title = {Métodos de Pontos Interiores
para a Minimização das Perdas no Problema de Pré-Despacho},
journal = {XXXII Simpósio Brasileiro de Pesquisa Operacional --
SBPO, Viçosa MG},
year = {2000},
}

@article{OK96,
author = {T. J. Overbye and R. P. Klump},
title = {Effective Calculation of Power system Low-Voltage Solutions},
journal = {IEEE Transactions on Power Systems},
volume =  {11}, number = {1},
pages = {75--82},
year = {1996},
}

@book{PaRi96,
author = {M. Padberg and M. P. Rijal},
title = {Location, Scheduling, Design and Integer Programming},
publisher={Kluwer Academic},
address = {Boston},
year = {1996},
}

@article{PS75,
author = {C. C. Paige and M. A. Saunders},
title = {Solution of Sparse Indefinite Systems of Linear Equations},
journal = {SIAM Journal Numerical Analysis},
volume =  {12},
pages = {617--629},
year = {1975},
}

@article{PS00,
author = {I. Perugia and V. Simoncini},
title = {Block-Diagonal and Indefinite Symmetric Preconditioners for
Mixed Finite Element Fromulations},
journal = {Numerical Linear Algebra and its Applications},
volume =  {7},
pages = {585--616},
year = {2000},
}

@article{PG91,
author = {M. Planitz and J. Gates},
title = {Strict Discrete Approximation in the $L_{1}$ and $L_{\ infty}$  Norms},
journal = {Appl. Statist.},
volume =  {40}, number = {1},
pages = {113--122},
year = {1991},
}

@article{PQV91,
author = {K. Ponnambalam and V. H. Quintana and A. Vanneli},
title = {A Fast Algorithm for Power System Optimization Problems Using an
Interior Point Method},
journal = {IEEE/PES 1991 Winter Meeting},
year = {1994},
}

@article{PRVJ00,
author = {L. F. Portugal and M.G. C. Resende and G. Veiga and J. J. J\'udice},
title = {A truncated primal-infeasible dual-feasible network interior point method},
journal = {Networks},
volume = {35},
pages = {91--108},
year = {2000},
}

@article{QTM00,
author = {Victor Hugo Quintana and Geraldo Leite Torres and J. Medina--Palomo},
title = {Interior Point Methods and their Applications to Power Systems:
A Classification of Publications and Software Codes},
journal = {IEEE Transactions on Power Systems},
volume =  {15}, number = {1},
pages = {170--176},
year = {2000},
}

@article{RV93,
author = {Mauricio G. C. Resende and Geraldo Veiga},
title = {An Efficient Implementation of a Network Interior Point Method},
journal = {DIMACS Series in Discrete Mathematics and Theoretical Computer
Science},
volume =  {12},
pages = {299--348},
year = {1993},
}

@article{RuWi92,
author = {T. Rusten and A. J. Winther},
title = {A Preconditioned Iterative Method for Saddlepoint Problems},
journal = {SIAM J. Matrix Anal. Appl.},
volume =  {13},
pages = {887--904},
year = {1992},
}

@article{RO89,
author = {Steven A. Ruzinsky and Elwood T. Olsen},
title = {$L_{1}$ and $L_{\infty}$ Minimization Via a Variant of {K}armarkar's Algorithm},
journal = {IEEE Transactions on Acoustics, Speech, and Signal Processing},
volume =  {37}, number = {2},
pages = {245--253},
year = {1989},
month = {February},
}

@book{Sa03,
author={Y. Saad},
title={Iterative Methos for Sparse Linear Systems},
publisher = {SIAM Publications, SIAM},
address = {Philadelphia, PA, USA},
year = {2003},
}

@article{AJ84,
author = {M. A. Ajiz and A. Jennings},
title = {A robust incomplete Choleski-conjugate gradient algorithm},
journal = {Int. J. Numer. Methods Eng.},
volume =  {20},
pages = {949--966},
year = {1984},
}

@book{Ax94,
author = {O. Axelsson},
title = {Iterative Solution Methods},
publisher = {Cambridge Univ. Press},
address = {Cambridge},
year = {1994},
}

@book{Br95,
author = {A. M. Bruaset},
title = {A Survey of Preconditioned Iterative Methods},
publisher = {Longman Scientific \& Technical},
address = {Harlow},
year = {1995},
}

@book{Gr97,
author={A. Greenbaum},
title={Iterative Methods for Solving Linear Systems},
publisher = {SIAM Publications, SIAM},
address = {Philadelphia, PA, USA},
year = {1997},
}

@article{LM99,
author = {C.-J. Lin and J. J. Moré},
title = {Incomplete Cholesky factorizations with limited memory},
journal = {SIAM J. Sci. Comput.},
volume =  {21},
pages = {24--45},
year = {1999},
}

@article{SV00,
author = {Y. Saad and H. A. van der Vorst},
title = {Iterative solution of linear systems in the 20th century},
journal = {J. Comput. Appl. Math.},
volume =  {123},
pages = {1--33},
year = {2000},
}

@article{SE90,
author = {R. B. Schnabel and E. Eskow},
title = {A new modified Cholesky factorization},
journal = {SIAM J. Sci. Stat. Comput.},
volume =  {11},
pages = {1136--1158},
year = {1990},
}

@book{Se83,
author={R. Sedgewick},
title={Algorithms},
publisher={Addison-Wesley},
address = {Reading, Massachusetts},
year = {1983},
}

@article{SFOM99,
author = {D. Shepard and M. Ferris and G. Olivera and T. Mackie},
title = {Optimizing the Delivery of radiation Therapy to Cancer Patients},
journal = {SIAM Review},
volume =  {41},
number = {4},
pages = {721--744},
year = {1999},
}

@article{SSK88,
author = {H.D. Sherali and B.O. Skarpness and B. Kim},
title = {An Assumption-Free Convergence Analysis for a Perturbation of the
Scaling Algorithm for Linear Programs with Application to the
$L_{1}$ Estimation Problem},
journal = {Naval Res. Logist. Quart.},
volume =  {35},
pages = {473--492},
year = {1988},
}


@article{SO11,
author = {D. C. Silva and A. R. L. Oliveira},
title = {Detecção de Linhas Redundantes em Problemas de Programação
Linear de Grande Porte},
journal = {Tendências em Matemática Aplicada e Computacional},
volume =  {12},
pages = {55--66},
year = {2011},
}

@article{SOV07,
author = {J. Silva and A. R. L. Oliveira and M. I. Velazco},
title = {Um Algoritmo Novo Baseado no Algoritmo de Von Neumamn para
Programação Linear},
journal = {Anais do XXX Congresso Nacional de Matemática Aplicada e
Computacional},
pages = {1--7},
year = {2007},
}

@InProceedings{SOV08,
author = {J. Silva and A. R. L. Oliveira and M. I. Velazco},
title =  {Uma família de novos algoritmos para programação linear
baseada no algoritmo Von Neumann},
booktitle = {XXXI Congresso Nacional de Matemática Aplicada e Computacional},
year = {2008},
}

@InProceedings{COL12a,
author = {L. Casacio and A. R. L. Oliveira and C. Lyra},
title = {New preconditioners for interior point methods in linear programming},
booktitle= {Book of Abstract - 21st International Symposium on Mathematical
Programming - ISMP},
pages = {219},
month= {Agosto},
year = {2012},
}

@InProceedings{COL12b,
author = {L. Casacio and A. R. L. Oliveira and C. Lyra},
title = {Preconditioning the linear systems arising from interior point
methods for linear programming},
booktitle= {Abstracts Book - 3rd IMA Conference on Numerical Linear Algebra
and Optimisation},
pages = {26},
month= {Setembro},
year = {2012},
}

@InProceedings{Ol12,
author = {A. R. L. Oliveira},
title = {Solving the Linear Systems Arising from Interior Point methods
for Linear Programming},
booktitle= {Programa y Resumenes XVIII SIMMAC,
International Symposium on Mathematical Methods Applied to the Sciences},
pages = {122},
month= {Fevereiro},
year = {2012},
}

@InProceedings{CGOL12,
author = {D. R. Cantane and C. T. L. S. Ghidini and A. R. L. Oliveira and
C. Lyra},
title = {A new Simplex method updating procedure applied to linear systems
arising from cutting stock problem},
booktitle= {XVI Congreso Latino-Iberoamericano de Investigacion Operativa -
CLAIO},
month= {Setembro},
year = {2012},
}

@InProceedings{Su12,
author = {P. Suñagua},
title = {A New Approach for Finding a Base for the Splitting Preconditioner
for Linear Systems from Interior Point Methods},
booktitle= {XVI Congreso Latino-Iberoamericano de Investigacion Operativa -
CLAIO},
month= {Setembro},
year = {2012},
}

@InProceedings{SYO12,
author = {I. A. Sampaio and Y. Iano and  A. R. L. Oliveira},
title = {Combinação de Precondicionadores para os Sistemas LIneares Oriundos
dos Métodos de Pontos Interiores},
booktitle= {Aceito para apresentação no CMAC-Nordeste 2012 - Congresso de
Matemática Aplicada e Computacional},
month= {Novembro},
year = {2012},
}

@InProceedings{Si12,
author = {L. M. Silva},
title = {Um estudo  sobre o precondicionamento
de sistemas lineares oriundos de
Métodos de Pontos Interiores},
booktitle= {Aceito para apresentação no CMAC-Nordeste 2012 - Congresso de
Matemática Aplicada e Computacional},
month= {Novembro},
year = {2012},
}

@InProceedings{OGO11,
author = {M. Gonz\'alez-Lima, M. and  A. R. L. Oliveira and D. Oliveira},
title={Solving the Stable System Arising from Linear Programming},
booktitle= {Anais do XXXII Iberian Latin-American Congress on Computational
Methods in Engineering},
page={1-11},
month= {Novembro},
year = {2011},
}

@InProceedings{SO12,
author = {D. C. Silva and  A. R. L. Oliveira},
title = {Influência das Heurísticas de Reordenamento no Desempenho dos
Métodos de Pontos Interiores},
booktitle= {Aceito para apresentação no CMAC-Nordeste 2012 - Congresso de
Matemática Aplicada e Computacional},
month= {Novembro},
year = {2012},
}

@InProceedings{CSA12,
author = {E. M. B. Cavallheiro and D. C. Silva and  S. M. Almeida},
title = {Aplicação de Algoritmos Genéticos no Reordenamento de Matrizes
Esparsas},
booktitle= {XVI Congreso Latino-Iberoamericano de Investigacion Operativa -
CLAIO},
month= {Setembro},
year = {2012},
}

@InProceedings{OBGS12,
author = {A. R. L. Oliveira and L. Berti and C. L. T. S. Ghidini and J. Silva},
title = {Continued Iteration and Simple Algorithms on Interior Point Methods
for Linear Programming},
booktitle= {Book of Abstract - 21st International Symposium on Mathematical
Programming - ISMP},
pages = {219},
month= {Agosto},
year = {2012},
}

@InProceedings{GBO12b,
author = {C. L. T. S. Ghidini and L. Berti and A. R. L. Oliveira},
title = {Iteração continuada e algoritmo de ajustamento ótimo aplicados ao
método de pontos interiores},
booktitle = {XXXIV Congresso Nacional de Matemática Aplicada e Computacional},
month= {Setembro},
year = {2012},
}

@InProceedings{PO12,
author = {R. W. Probst and A. R. L. Oliveira},
title = {Método Preditor-Corretor Aplicado ao Fluxo de Carga Ótimo com Correções
Não-lineares nas Condições de Otimalidade},
booktitle = {XXXIV Congresso Nacional de Matemática Aplicada e Computacional},
month= {Setembro},
year = {2012},
}

@InProceedings{GBO12a,
author = {C. L. T. S. Ghidini and L. Berti and A. R. L. Oliveira},
title = {Técnicas para redução do número de iterações no método de pontos
interiores},
booktitle= {XVI Congreso Latino-Iberoamericano de Investigacion Operativa -
CLAIO},
month= {Setembro},
year = {2012},
}

@InProceedings{SOG12,
author = {D. C. Silva and  A. R. L. Oliveira and C. L. T. S. Ghidini},
title = {Detecção de Linhas Redundantes em Problemas de Programação Linear de
Grande Porte},
booktitle= {XVI Congreso Latino-Iberoamericano de Investigacion Operativa -
CLAIO},
month= {Setembro},
year = {2012},
}

@InProceedings{MO12,
author = {E. S. L. Mamian and A. R. L. Oliveira},
title = {Métodos de Pontos Iinteriores Primal-Dual como Alternativa para o
Problema de de Estimar os Parâmetros de uma Gramática Probabilística Livre do Contexto},
booktitle= {XVI Congreso Latino-Iberoamericano de Investigacion Operativa -
CLAIO},
month= {Setembro},
year = {2012},
}

@InProceedings{CLO12,
author = {S. M. S. Carvalho and C. Lyra and A. R. L. Oliveira},
title = {Métodos de Pontos Interiores Aplicados ao Problema de Pré-Despacho
com Simulação de Manobras Programadas},
booktitle= {VI IEEE/PES Transmission and Distribution Latin America Conference},
month= {Setembro},
pages = {1--5},
year = {2012},
}

@InProceedings{COS12a,
author = {M. V. Coelho and A. R. L. Oliveira and S. Soares},
title = {Optimal Power Flow in DC Constrained Operating Reserve Through Interior Point Methods},
booktitle= {VI IEEE/PES Transmission and Distribution Latin America Conference},
month= {Setembro},
pages = {1--5},
year = {2012},
}

@InProceedings{COS12b,
author = {M. V. Coelho and A. R. L. Oliveira and A. Santos},
title = {Uma Formulação Para Métodos de Pontos Interiores
Com Barreira
Logarítmica Modificada Aplicada no Fluxo de Potência Ótimo CC},
booktitle= {VI IEEE/PES Transmission and Distribution Latin America Conference},
month= {Setembro},
pages = {1--5},
year = {2012},
}

@InProceedings{OC12,
author = {A. R. L. Oliveira and L. M. R. Carvalho},
title = {A new perturbing parameter for interior point methods applied to short
term hydroelectric scheduling},
booktitle= {25th European Conference on Operational Research Programme},
pages = {77},
month= {Julho},
year = {2012},
}

@article{CGO12,
author = {D. R. Cantane and E. C. Grigoletto and A. R. L. Oliveira},
title = {Método de Pontos Interiores Barreira Logarítmica Preditor-Corretor
Especializado para o Problema de Regressão pela Norma $L_p$},
journal = {Aceito para publicação na revista
Tendências em Matemática Aplicada e Computacional},
year = {2012},
}

@article{GGM13,
author = {J. Gondzio and P. González-Brevis and P. Munari},
title = {New developments in the primal-dual column generation technique},
journal = {European Journal of Operational Research},
volume =  {224},
pages = {41--51},
year = {2013},
}

@article{GOSV12,
author = {C. T. L. S. Ghidini and A. R. L. Oliveira and J. Silva and
M. I. Velazco},
title = {Combining a hybrid preconditioner and a optimal adjustment
algorithm to accelerate the convergence of interior point methods},
journal = {Linear Algebra and its Applications},
volume =  {218},
pages = {1267--1284},
year = {2012},
}

@article{GOS11,
author = {C. T. L. S. Ghidini and A. R. L. Oliveira and J. Silva},
title = {Optimal adjustment algorithm for p coordinates and the starting
point in interior point methods},
journal = {American Journal of Operations Research},
volume =  {1},
pages = {191--202},
year = {2011},
}

@phdthesis{Si09,
author = {Jair da Silva},
title = {Uma família de algoritmos para programação linear baseada
no algoritmo de {V}on {N}eumann},
school= {IMECC -- UNICAMP},
address= {Campinas SP},
month = {Abril,},
year = {2009},
note= {http://libdigi.unicamp.br/document/?code=000443131},
}


@article{So87,
author = {Secundino Soares},
title = {Planejamento da Operação de Sistemas Hidrotérmicos},
journal = {SBA: Controle \& Automação},
volume =  {1}, number = {2},
pages = {122--133},
year = {1987},
}

@article{SS97,
author = {Secundino Soares and Clóvis T. Salmazo},
title = {Minimum Loss Predispatch Model for Hydroelectric Systems},
journal = {IEEE Transactions on Power Systems},
volume =  {12}, number = {3},
pages = {1220--1228},
year = {1997},
}

@article{St79,
author = {K. Steiglitz},
title = {Optimal Design of FIR Digital Filters with Monotone Passband Response},
journal = {IEEE Transactions on Acoustics, Speech and Signal Processing},
volume =  {27},
pages = {643--649},
year = {1979},
}

@article{SPK92,
author = {K. Steiglitz and T. W. Parks and J. F. Kaiser},
title = {{METEOR:} A Constraint-Based FIR Filter Design Program},
journal = {IEEE Transactions on Signal Processing},
volume =  {40},
pages = {1901--1909},
year = {1992},
}

@article{Su94,
author = {U. H. Suhl},
title = {{MPOS} Mathematical Optimization System},
journal = {European Journal of Operations Research},
volume =  {72},
pages = {312--322},
year = {1994},
}

@article{SS90,
author = {U. H. Suhl and L. M. Suhl},
title = {Computing Sparse {$LU$} Factorizations for Large-Scale
Linear Programming},
journal = {ORSA Journal on Computing},
volume =  {2},
pages = {325--335},
year = {1990},
}

@article{SS93,
author = {U. H. Suhl and L. M. Suhl},
title = {A Fast {$LU$} Update for Linear Programming},
journal = {Annals of Operations Research},
volume =  {43},
pages={33--47},
year = {1993},
}

@article{SyWa94,
author = {D. Silvester and A. Wathen},
title = {Fast Iterative Solution of Stabilized Stokes Systems part {II}:
Using General Block Preconditioners},
journal = {SIAM J. Numer. Anal.},
volume =  {31},
pages = {1352--1367},
year = {1994},
}

@article{OST02a,
author = {A. Thomaz and A. R. L. Oliveira and S. Soares},
title = {Métodos de Pontos Interiores Aplicados
ao Fluxo de Carga Ótimo Utilizando Coordenadas Cartesianas},
journal = {Anais do XXXIV Simpósio Brasileiro de Pesquisa Operacional,
SBPO -- RJ, em CD-ROM, Arq. 056},
pages = {1--11},
year = {2002},
}

@article{OST02b,
author = {A. Thomaz and A. R. L. Oliveira and S. Soares},
title = {Aplicação de Métodos
de Pontos Interiores ao Problema de Fluxo de Potência Ótimo Utilizando
Coordenadas Cartesianas},
journal = {XXV Congresso Nacional de Matemática Aplicada e Computacional,
Nova Friburgo, RJ},
pages = {308},
year = {2002},
}

@article{OTS03,
author = {A. Thomaz and A. R. L. Oliveira and S. Soares},
title = {Aplicação dos Métodos de
Pontos Interiores ao Problema de Fluxo de Potência Ótimo AC Utilizando
Coordenadas Cartesianas},
journal = {Anais do XXIV Iberian Latin-American Congress on Computational
Methods in Engineering -- CILAMCE, Arq. CIL064-36, Ouro Preto, MG},
pages = {1-16},
year = {2003},
}

@article{TSO07,
author = {A. Thomaz and A. R. L. Oliveira and S. Soares},
title = {Método de Pontos Interiores
Aplicado ao Fluxo de Potência Ótimo {CA} Ativo-Reativo},
journal = {Anais do VII Congreso
Latinoamericano Generación y Transporte de Energía Eléctrica,
Valparaíso, Chile},
pages = {1-10},
year = {2007},
}

@techreport{Li04,
author = {A. M. Lima},
title = {Comparação entre Diferentes Abordagens do Problema
de Fluxo de Potência ótimo Utilizando o Método de Pontos Interiores},
institution = {Dissertação de Mestrado, ICMC -- USP},
address= {São Carlos SP},
month = {Março,},
year = {2004},
note= {http://libdigi.unicamp.br/document/?view=vtls000378249},
}

@techreport{Ca04,
author = {Daniela Renata Cantane},
title = {Métodos de Pontos Interiores Aplicados ao Problema de Regressão
pela Norma {$L_p$}},
institution = {Dissertação de Mestrado, ICMC -- USP},
address= {São Carlos SP},
month = {Março,},
year = {2004},
note= {http://www.teses.usp.br/teses/disponiveis/55/55134/tde-18112004-135942},
}

@phdthesis{Ca09,
author = {Daniela Renata Cantane},
title = {Atualização Eficiente da Decomposição {LU} da Base no Método Simplex --
Aplicação a Problemas de Corte e Empacotamento},
school= {FEEC -- UNICAMP},
address= {Campinas SP},
month = {Agosto,},
year = {2009},
}

@techreport{Th03,
author = {Adriano Thomaz},
title = {Métodos de Pontos Interiores Aplicados
ao Fluxo de Carga Ótimo Utilizando Coordenadas Cartesianas},
institution = {Dissertação de Mestrado, ICMC -- USP},
address= {São Carlos SP},
month = {Maio,},
year = {2003},
}

@phdthesis{Th07,
author = {Adriano Thomaz},
title = {Métodos de pontos interiores aplicados ao problema de fluxo
de potência ótimo AC},
school= {FEEC -- UNICAMP},
address= {Campinas SP},
month = {Junho,},
year = {2007},
note= {http://libdigi.unicamp.br/document/?code=vtls000416222},
}

@article{To75,
author = {J. A. Tomlin},
title = {On Scaling Linear Programming Problems},
journal = {Mathematical Programming Study},
volume =  {4},
pages = {146--166},
year = {1975},
}

@article{TW86,
author = {J. A. Tomlin and J. S. Welch},
title = {Finding Duplicate Rows in a Linear Program},
journal = {Operations Research Letters},
volume =  {5},
pages = {7--11},
year = {1986},
}

@article{TQ98,
author = {Geraldo Leite Torres and Victor Hugo Quintana},
title = {An Interior Point Method for Nonlinear Optimal Power Flow
Using Voltage Rectangular Coordinates},
journal = {IEEE Transactions on Power Systems},
volume =  {13}, number = {4},
pages = {1211--1218},
year = {1998},
}

@PhdThesis{To98,
author = {Geraldo Leite Torres},
title = {Nonlinear Optimal Power Flow by Interior and Non-Interior
Point Methods},
school = {University of Waterloo - Electrical Engineering},
address = {Ontario},
year = {1998},
}

@article{Tr65,
author = {William F. Trench},
title = {An Algorithm for the Inversion of Finite {H}ankel Matrices},
journal = {J. Soc. Indust. Appl. Math.},
volume =  {13}, number = {4},
pages = {1102--1107},
year = {1965},
month = {December},
}

@article{Va89,
author = {R. J. Vanderbei},
title = {Affine-Scaling for Linear Programming with Free Variables},
journal = {Mathematical Programming},
volume =  {43},
pages = {31--44},
year = {1989},
}

@article{Va91,
author = {R. J. Vanderbei},
title = {Splitting Dense Columns in Sparse Linear Systems},
journal = {Linear Algebra and its Applications},
volume =  {152},
pages = {107--117},
year = {1991},
}

@article{Va95,
author = {R. J. Vanderbei},
title = {Symmetric Quasi-definite Matrices},
journal = {SIAM J. Optimization},
volume =  {5}, number = {1},
pages = {100--113},
year = {1995},
}

@techreport{Va95b,
author = {R. J. Vanderbei},
title = {{LOQO}: An Interior Point Code for Quadratic Programming},
institution = {SOR 94-15, Princeton University, to appear in Optimization
Methods and Software},
year = {1994},
}

@book{Va96,
author = {R. J. Vanderbei},
title = {Linear Programming -- Foundations and Extensions},
year = {1996},
publisher = {Kluwer Academics Publishers},
address = {Boston, USA},
}

@article{VC93,
author = {R. J. Vanderbei and T. J. Carpenter},
title = {Indefinite Systems for Interior Point Methods},
journal = {Mathematical Programming},
volume =  {58},
pages = {1--32},
year = {1993},
}

@article{Va94,
author = {S. A. Vavasis},
title = {Stable Numerical Algorithms for Equilibrium Systems},
journal = {SIAM J. Matrix Anal. Appl.},
volume =  {15},
pages = {1108--1131},
year = {1994},
}

@article{VOL02a,
author = {Marta I. Velazco and Aurelio Ribeiro Leite Oliveira and
Christiano Lyra},
title = {Neural Networks Give a Warm Start to Linear Optimization Problems},
journal = {Proceedings of the IEEE 2002 World Congress on Computational
Intelligence, Honolulu Havaí},
volume =  {2},
pages = {1871--1876},
year = {2002},
}

@article{VOL02b,
author = {Marta I. Velazco and Aurelio Ribeiro Leite Oliveira and
Christiano Lyra},
title = {Inicialização Inteligente Para Métodos de Pontos Interiores Através de
Redes Neurais de {H}opfield},
journal = {Anais do XIV Congresso Brasileiro de Automática - CBA},
pages = {26--31},
year = {2002},
}

@article{VOL06,
author = {Marta I. Velazco and Aurelio Ribeiro Leite Oliveira and
Christiano Lyra},
title = {Warm start by Hopfield Neural Networks for Interior Point Methods},
journal = {Computers \& Operations Research},
volume =  {34}, number = {9},
pages = {2553--2561},
year = {2007},
}

@article{VOL12,
author = {Marta I. Velazco and Aurelio Ribeiro Leite Oliveira and
Christiano Lyra},
title = {Hopfield neural networks in large-scale linear optimization problems},
journal = {Applied Mathematics and Computation},
volume =  {218},
pages = {6851--6859},
year = {2012},
}

@article{VOC11,
author = {M. I. Velazco and A. R. L. Oliveira and F. F. Campos},
title = {Heuristics for Implementation of a Hybrid Preconditioner
for Interior-Point Methods},
journal = {Pesquisa Operacional},
volume =  {34}, number = {9},
pages = {2553--2561},
year = {2011},
}

@phdthesis{Ve03,
author = {Marta I. Velazco},
title = {Solução de Problemas de Otimização Linear por Redes Neurais
Associadas a Métodos de Pontos Interiores},
school= {FEEC -- UNICAMP},
address= {Campinas SP},
note = {http://libdigi.unicamp.br/document/?view=vtls000317764},
month= {Dezembro,},
year = {2003},
}

@article{Wa59,
author = {W. H. Wagner},
title = {Linear Programming Techniques for Regression Analysis},
journal = {J. Amer. Statist. Assoc.},
volume =  {54},
pages = {206--212},
year = {1959},
}

@article{WSKY98,
author = {H. Wei and H. Sasaki and J. Kubokewa and R. Yokoyama},
title = {An Interior Point Nonlinear Programming for Optimal Power FLow
Problems with a Novel Data Structure},
journal = {IEEE Transactions on Power Systems},
volume =  {13}, number = {3},
pages = {870--877},
year = {1998},
}

@book{WR96,
author = {S. J. Wright},
title = {Primal--Dual Interior--Point Methods},
year = {1996},
publisher = {SIAM Publications, SIAM},
address = {Philadelphia, PA, USA},
}

@book{CH83,
author = {V. V. Chvàtal},
title = {Linear Programming},
year = {1983},
publisher = {W. H. Freeman and Company},
address = {New York, USA},
}

@article{DO54,
author = {G. B. Dantzig and  W. Orchard-Hays},
title = {The product form for the inverse in the simplex method},
journal = {Mathematical Tables and Others Aids to Computation},
volume =  {46}, number = {8},
pages = {64--67},
year = {1954},
}

@article{WDM94,
author = {Y. C. Wu and A. S. Debs and R. E. Mastern},
title = {A Direct Nonlinear Predictor-Corrector Prima-Dual Interior Point
Algorithm for Optimal Power FLows},
journal = {IEEE Transactions on Power Systems},
volume =  {9}, number = {2},
pages = {876--883},
year = {1994},
}

@article{Zh93,
author = {Yin Zhang},
title = {A Primal-Dual Interior Point Approach for Computing $l_{1}$
and $l_{\infty}$ Solutions of Overdetermined Linear Systems},
journal = {Journal of Optimization Theory and Applications},
volume =  {77}, number = {2},
pages = {323--341},
year = {1993},
month = {May},
}

@article{ZhTa92,
author = {R. A. Tapia and Yin Zhang},
title = {Superlinear and Quadratic Convergence of Primal-Dual Interior
Point Methods for Linear Programming Revisited},
journal = {Journal of Optimization Theory and Applications},
volume =  {73},
pages = {229-242},
year = {1992},
}

@article{TH86,
author = {D. W. Tank and J. J. Hopfield},
title = {Simple ``Neural'' Optimization Network: an {A$\backslash$D}
Converter, Signal Decision Circuit and a Linear Programming Circuit},
journal = {IEEE Trans. Circuits and Systems},
volume =  {CAS--33},
pages = {533-541},
year = {1986},
}

@article{WO00,
author = {Wang, W. and O'Leary, D. P.},
title = {Adaptive use of iterative methods in predictor-corrector interior point methods for linear programming},
journal = {Numerical Algorithms},
volume = {25},
number = {1--4},
pages = {387--406},
year = {2000},
}

@article{XW95,
author = {Y-S. Xia and J. Wang},
title = {Neural Networks for Solving Linear Programming Problems with
Bounded Variables},
journal = {IEEE Trans. Neural Networks},
volume =  {6},
pages = {515-519},
year = {1995},
}

@article{RM94,
author = {R. Romero and A. Monticelli},
title = {A Hierarchical Decomposition Approach for Transmission Network
Expansion Planning},
journal = {IEEE Transactions on Power Systems},
volume =  {9}, number = {1},
pages = {373-380},
year = {1994},
}

@article{SOOB01,
author = {E. L. Silva and J. M. A. Ortiz and G. C. Oliveira and S. Binato},
title = {Transmission Network Expansion Planning Under a Tabu Search Approach},
journal = {IEEE Transactions on Power Systems},
volume =  {16}, number = {1},
pages = {62-68},
year = {2001},
}

@article{kn:Cam98,
   author = "Campos, F. F. and Birkett, N. R. C.",
   title = "An efficient solver for multi-right hand side linear systems
            based on the {CCCG}($\eta$) method with applications to
            implicit time-dependent partial differential equations",
   journal = "SIAM J. Sci. Comput.",
   year = "1998.",
   volume = "19",
   number = "1",
   pages = "126--138",
   abstract = ""
}

@phdthesis{Si97,
author = {I. N. Silva},
title = {Uma Abordagem Neuro-Nebulosa para Otimização de Sistemas e
Identificação Robusta},
school= {FEEC -- Unicamp},
address= {Campinas, SP},
year = {1997},
}

@article{Reid,
author = {J.K. Reid},
title = {A Sparsity-Exploiting Variant of the {B}artels-{G}olub Decomposition for Linear Programming Bases},
journal = {Mathematical Programming},
volume = {24},
pages={55--69},
year = {1982},
}

@article{BO03,
author = {Glaucia Maria Bressan and A. R. L. Oliveira},
title = {Fast Iterations for the Combined
Cutting-Stock and Lot-Sizing Problems},
journal = {Anais da IX International Conference on Industrial Enginnering
and Operations Management, Arq. TI0601},
pages = {1--8},
year = {2003},
}

@article{CF02,
author = {W. F. Curi and M. B. M. Firmino},
title = {Um Método de Dimensionamento Ótimo de Redes Malhadas e não Malhadas
via Programação Não-Linear e Linear},
journal = {Anais do Seminário Planejamento, Projeto e Operação de Redes
de Abastecimento de Água: o Estado da Arte e Questões Avançadas,
João Pessoa PB},
year = {2002},
}

@article{CF04,
author = {W. F. Curi and M. B. M. Firmino},
title = {Prehdim - Projeto de Redes Hidráulicas com Dimensionamento Malhado},
journal = {Anais do XXV Iberian Latin-American Congress on Computational
Methods in Engineering -- CILAMCE, Recife PE},
pages = {1--15},
year = {2004},
}

@article{AB02,
author = {R. Almeida and P. S. F. Barbosa},
title = {Modelo Computaciona para a Gestão Operacional Ótima de Sistemas
de Distribuição de Água},
journal = {Anais do V Congresso de Engenharia Civil, Juiz de Fora MG},
pages = {1--15},
year = {2002},
}

@article{BCS99,
author = {P. S. F. Barbosa and A. A. Costa and J. B. S. Santos},
title = {Um Algoritmo de Programação Linear para Análise de Redes
Hidráulicas},
journal = {Revista Brasileira de Recursos Hídricos},
volume = {4}, number = {4},
year = {1999},
}

@article{BM91,
author = {L. M. Brion and L. W. Mays},
title = {Methodology for Optimal Operation of Pumps Station in Water
Distribution Systems},
journal = {Journal of Hydraulic Engineering},
volume = {117}, number = {11},
year = {1991},
}

@article{FB99,
author = { A. L. Francato and P. S. F. Barbosa},
title = {Operação Ótima de Sistemas Urbanos de Abastecimento de Água},
journal = {Anais do XV Congresso Brasileiro de Engenharia Mecânica},
year = {1999},
}

@article{JG92,
author = {P. W. Jowitt and G. Germanopoulos},
title = {Optimal Pump Scheduling in Water-Supply Networks},
journal = {Journal of Water Resources Planning and Management},
volume = {116}, number = {4},
pages = {406--422},
year = {1992},
}

@article{SM00,
author = {A. B. A. Sakarya and L. W. Mays},
title = {Optimal Operation of Water Distribution Pumps Considering Water
Quality},
journal = {Journal of Water Resources Planning and Management},
volume = {126}, number = {4},
pages = {210--220},
year = {2000},
}

@article{VL98,
author = {K. Vairavamoorthy and J. Lumbers},
title = {Leakege Reduction in Water Distribution System: Optimal Valve
Control},
journal = {Journal of Hydraulic Engineering},
volume = {124}, number = {11},
pages = {1146--1154},
year = {1998},
}

@article{DB90,
author = {A. Dax and B. Berkowitz},
title = {Column relaxation methods for least norm problems},
journal = {SIAM J. Sci. Stat. Comput.},
volume =  {11},
pages = {975--989},
year = {1990},
}

@article{CCS00,
author = {G. R. M. Costa and C. E. U. Costa and A. M. Souza},
title = {Comparative Studies of Optimization Methods for the Optimal Power Flow
Problem},
journal = {Electric Power Systems Research},
volume = {56},
pages = {249--254},
month = {December},
year = {2000},
}

@article{Dedieu01,
author = {J.P. Dedieu and G. Malajovich and M. Shub},
title = {On the curvature of the central path of linear programming theory},
journal = {a ser publicado em Foundations of Computational Mathematics},
year = {2005},
}

@article{FK,
author = {O. Fujiwara and D. M. Kang},
title = {A Two-fase Decomposition Method for Optimal Design of Looped Water
Distribution Networks},
journal = {Water Resources research, AGO},
volume = {4},
number = {26},
pages = {539-549},
}

@article{BB04,
author = {P. N. Biskas and A. G. Bakirtzis},
title = {Decentralized Security Constrained {DCOPF} of Interconnected Power
Systems},
journal = {IEE Proc. Gener. Transm. Distrib.},
volume = {6},
number = {151},
pages = {747-754},
year = {2004},
}

@article{Re82,
author = {J.K. Reid},
title = {A Sparsity-Exploiting Variant of the {B}artels-{G}olub Decomposition fo
r Linear Programming Bases},
journal = {Mathematical Programming},
volume = {24},
pages={55--69},
year = {1982},
}

@article{Sh97,
author = {P. W. Shor},
title = {Polynomial-time algorithms for prime factorization and discrete
logarithms on a quantum computer},
journal = {SIAM Journal on Computing},
volume = {26},
pages={1484--1509},
year = {1997},
}

@article{Sh48,
author = {C. E. Shannon},
title = {A mathematical theory of communication},
journal = {The Bell System Technical Journal},
volume = {27},
pages={379--423},
year = {1948},
}

@book{NC00,
author = {M. A. Nielsen and I. L. Chuang},
title = {Quantum Computation and Quantum Information},
year = {2000},
publisher = {Cambridge University Press},
address = {Cambridge},
}

@article{ST07,
author = {M. Salahi and T. Terlaky},
title = {Postponing the choice of the barrier parameter in {M}ehrotra-type predictor-corrector
      algorithms},
journal = {European Journal of Operational Research},
volume = {182},
pages = {502--513},
year = {2007},
}

@article{LT10,
author = {D. Li and T. Terlaky},
title = {On the Rescaling Algorithms for Linear Optimization},
journal = {XXIV European Conference on Operational Research, EURO},
pages = {154},
year = {2010},
}

@article{CGEW07,
author = {F. Capitanescu and M. Glavica and D. Ernsta and L. Wehenkel},
title = {Interior-point based algorithms for the solution of optimal power flow problems},
journal = {Electric Power Systems Research},
volume = {77},
pages = {508--517},
year = {2007},
}

@article{KKLBG08,
author = {S-J. Kim and K. Koh and M. Lustig and S. Boyd and D. Gorinevsky},
title = {An Interior-Point Method for Large-Scale $l_1$-Regularized Least Squares},
journal = {IEEE Journal of Selected Topics in Signal Processing},
volume = {1},
pages = {606--627},
year = {2008},
}

@article{BS07,
author = {H. Y. Benson and D. F. Shanno},
title = {An exact primal---dual penalty method approach to warmstarting interior-point methods for linear programming},
journal = {Computational Optimization and Applications},
volume = {38},
pages = {371--399},
year = {2007},
}

@article{JY08,
author = {E. John and E. A. Yildirim},
title = {Implementation of warm-start strategies in interior-point methods for linear programming in fixed dimension},
journal = {Computational Optimization and Applications},
volume = {41},
pages = {151--183},
year = {2008},
}

@article{Car09,
author = {C. Cartis},
title = {Some disadvantages of a {M}ehrotra-type primal-dual corrector interior point algorithm for linear programming},
journal = {Applied Numerical Mathematics},
volume = {59},
pages = {1110--1119},
year = {2009},
}

@article{GG09,
author = {J. Gondzio and A. Grothey},
title = {Exploiting structure in parallel implementation of interior point methods for optimization},
journal = {Computational Management Science},
volume = {6},
pages = {135--160},
year = {2009},
}

@article{DNT08,
author = {A. Deza and E. Nematollahi and T. Terlaky},
title = {How good are interior point methods? {K}lee-{M}inty cubes tighten iteration-complexity bounds},
journal = {Mathematical Programming},
volume = {113},
pages = {1--14},
year = {2008},
}

@article{GR08,
author = {M. EL Ghami and C. Roos},
title = {Generic Primal-dual Interior Point Methods Based on a New Kernel Function},
journal = {RAIRO},
volume = {42},
pages = {199--213},
year = {2008},
}

@article{JO08,
author = {J. H. Jung and D. P. O'Leary},
title = {Implementing an Interior Point Method for Linear Programs
on a CPU-GPU System},
journal = {Electronic Transactions on Numerical Analysis},
volume = {28},
pages = {174--179},
year = {2008},
}

@article{BLRWG08,
author = {Y. Q. Bai and G. Lesaja and C. Roos and G. Q. Wang and M. El Ghami},
title = {A Class of Large-Update and Small-Update Primal-Dual Interior-Point Algorithms for Linear Optimization},
journal = {Journal of Optimization Theory and Applications},
volume = {138},
pages = {341--359},
year = {2008},
}

@article{CC10,
author = {Jordi Castro and Jordi Cuesta},
title = {Quadratic regularizations in an interior-point method for primal block-angular problems},
journal = {Aceito para publicação na revista Mathematical Programming},
year = {2010},
}

@article{Me08,
author = {{Cs}. M\'esz\'aros},
title = {On Numerical Issues of Interior Point Methods},
journal = {SIAM Journal on Matrix Analysis and Applications},
volume = {30},
pages = {223--235},
year = {2008},
}

@article{GIMRS09,
author = {M. El Ghami and I. Ivanov and J. B. M. Melissen and C. Roos and T. Steihaug},
title = {A polynomial-time algorithm for linear optimization based on a new class of kernel functions},
journal = {Journal of Computational and Applied Mathematics},
volume = {224},
pages = {500--513},
year = {2009},
}

@article{Do08,
author = {H. S. Dollar},
title = {Constraint-style preconditioners for regularized saddle point problems},
journal = {SIAM Journal on Matrix Analysis and Applications},
volume = {29},
pages = {672--684},
year = {2008},
}

@article{AG09,
author = {G. Al-Jeiroudi and J. Gondzio},
title = {Convergence Analysis of the Inexact Infeasible Interior-Point Method for Linear Optimization},
journal = {Journal of Optimization Theory and Applications},
volume = {141},
pages = {231--247},
year = {2009},
}

@article{DSS10,
author = {M. D'Apuzzo and V. Simone and D. Serafino},
title = {On mutual impact of numerical linear algebra and large-scale optimization with focus on interior point methods},
journal = {Computational Optimization and Applications},
volume = {45},
pages = {283--310},
year = {2010},
}

@article{PRVPJ08,
author = {L. F. Portugal and M. G. C. Resende and G. Veiga and J. Patrício and J. J. Júdice},
title = {Fortran subroutines for network flow optimization using an interior point algorithm},
journal = {Pesquisa Operacional},
volume = {28},
pages = {243--261},
year = {2008},
}

@article{LHZ08,
author = {W. Lin and C. Huang and T. Zhan},
title = {A Hybrid Current-Power Optimal Power Flow Technique},
journal = {IEEE Transactions on Power Systems},
volume = {23},
pages = {177--185},
year = {2008},
}

@article{CGG09,
author = {M. Colombo and J. Gondzio and A. Grothey},
title = {A warm-start approach for large-scale stochastic linear programs},
journal = {Mathematical Programming},
volume = {DOI: 10.1007/s10107-009-0290-9},
year = {2009},
}

@article{GTPW09,
author = {A. H. Gebremedhin and A. Tarafdar and A. Pothen and A. Walther},
title = {Efficient Computation of Sparse Hessians Using Coloring and Automatic Differentiation},
journal = {INFORMS Journal on Computing},
volume = {21},
pages = {209--223},
year = {2009},
}

@article{MO08,
author = {K. G. Murty and M. R. Oskoorouchi},
title = {Note on implementing the new sphere method for {LP} using matrix inversions sparingly},
journal = {Optimization Letters},
volume = {3},
pages = {137--160},
year = {2008},
}

@article{GMZBR09,
author = {G. Gu and H. Mansouri and M. Zangiabadi and Y. Q. Bai and C. Roos},
title = {Improved Full-{N}ewton Step {O}(n{L}) Infeasible Interior-Point Method for Linear Optimization},
journal = {Journal of Optimization Theory and Applications},
volume = {145},
pages = {271--288},
year = {2009},
}

@article{BHT09,
author = {M. Benzi and E. Haber and L. Taralli},
title = {Multilevel algorithms for large-scale interior point methods in bound constrained optimization},
journal = {SIAM J. Sci. Comput.},
volume = {31},
pages = {4152--4175},
year = {2009},
}

@article{DH08,
author = {T. A. Davis and W. W. Hager},
title = {A sparse proximal implementation of the {LP} dual active set algorithm},
journal = {Mathematical Programming},
volume = {112},
pages = {275--301},
year = {2008},
}

@article{Go10,
author = {J. Gondzio},
title = {Matrix-Free Interior Point Method},
journal = {Aceito para publicação na revista Computational Optimization and Applications},
year = {2010},
}

@article{OFMOP08,
author = {E. J. Oliveira and R. M. Fontoura and N. Martins and L. W. Oliveira and J. L. R. Pereira},
title = {Inclusão de restrições dinâmicas no problema de planejamento de potência reativa},
journal = {SBA: Controle \& Automação},
volume = {19},
pages = {53--62},
year = {2008},
}

@article{SBC08,
author = {V. A. Sousa and E. C. Baptista and G. R. M. Costa},
title = {A resolução do problema de despacho ótimo de reativos pelo método da função lagrangiana-barreira relaxada},
journal = {Pesquisa Operacional},
volume = {28},
pages = {303--320},
year = {2008},
}

@article{Go92b,
author = {C. C. Gonzaga},
title = {Path-Following Methods for Linear Programming},
journal = {SIAM Review},
volume =  {34},
pages = {167--224},
year = {1992},
}

@article{KMY89,
author = {M. Kojima and S. Mizuno and A. Yoshise},
title = {A Primal-dual Interior-Point Method for Linear Programming.
Progress in Mathematical Programming, Interior-Point and Related Methods, \text
sc{S}pring-\textsc{V}erlag, New York},
pages = {29--47},
year = {1989},
}

@article{Me89,
author = {D. Megiddo},
title = {Pathways to the Optimal Set in Linear Programming. \textsc{P}rogress in Mathematical
Programming, Interior-Point and Related Methods, \textsc{S}pring-\textsc{V}erlag},
pages = {131--158},
year = {1989},
}

@article{Be65,
author = {J. M. Bennett},
title = {Triangular Factors of Modified Matrices},
journal = {Numerische Mathematik},
volume =  {7},
pages = {217--221},
year = {1965},
}

@article{FP74,
author = {R. Fletcher and  M. J. D. Powell},
title = {On the Modification of $LDLt$ Factorizations},
journal = {Mathematics of Computation},
volume =  {28},
pages = {1067--1087},
year = {1974},
}

@article{AB11,
author = {C. Azevedo and S. Bosco},
title = {Perfil nutricional, dietético e qualidade de vida de
pacientes em tratamento quimioterápico},
journal = {Con Scientiae Saúde},
volume =  {10},
pages = {23--30},
year = {2011},
}

@techreport{AV00,
author = {K. G. Ávila and L. F. Vargas and L. Machado and L. B. Sousa and
P. Saffer and C. O. P. Alexandre and E. C. Castro},
title = {Câncer de Mama},
institution = {Fundação Faculdade Federal de Ciências Médicas de
Porto Alegre Departamento de Genética e Evolução disponível em:
http://genetica.ufcspa.edu.br/seminarios\%20textos/CAdeMama.pdf
acesso em 19/04/2012},
year = {2000},
}

@techreport{11,
title = {Estimativa/2012 Incidência de câncer no Brasil},
institution = {Instituto nacional do Câncer de Mama (INCA)},
year = {2011},
}

@InProceedings{SP10,
author = {A. R. Savóia and J. C. Penereiro},
title =  {Utilizando a modelagem para explorar conteúdos matemáticos
específicos e suas},
booktitle = {Anais do XV Encontro de Iniciação Científica da PUC-Campinas},
year = {2010},
}

@techreport{07,
title = {Câncer de mama},
institution = {Secretaria de Estado de Saúde do Distrito Federal, disponível em:\\
http://www.saude.df.gov.br/003/00301009.asp?ttCD\_CHAVE=49008 acesso em 19/04/2012},
year = {2007},
}

@techreport{BBG01,
author = {A. C. S. D. Barros and E. M. Barbosa and L. H. Gebrim LH},
title = {Diagnóstico e tratamento do Câncer de Mama},
institution = {Associação Médica Brasileira e Conselho Federal de Medicina},
year = {2001},
}

@article{GK04,
author = {E. R. Godinho and H. A. Koch},
title = {Rastreamento do câncer de mama: Aspectos relacionados ao médico},
journal = {Radiologia Brasileira},
volume =  {37},
pages = {91--99},
year = {2004},
}

@techreport{MSW94,
author = {O. L. Mangasarian and W. N. Street and W. H. Wolberg},
title = {Breast Cancer and Prognosis via Linear Programming},
institution = {TR94-10, University of Wisconsin},
year = {1994},
}

@article{MA01,
author = {D. T. McManus and N. H. Anderson},
title = {Fine needle aspiration cytology of the breast},
journal = {Current Diagnostic Pathology},
volume = {7},
pages = {262--271},
year = {2001},
}

@techreport{EC,
title = {Exame Citopatológico},
institution = {\\http://portfolio.med.up.pt/filipa/Patologia/site/citologico.htm acesso em 22/04/2012},
}

@article{RAVOFMB98,
author = {F. J. C. Reis and J. M. Andrade and M. A. S. L. Velludo and
S. A. Oliveira and R. B. Feitosa and H. R. C. Marana and S. Bighetti},
title = {Punção Biópsia Aspirativa ({PBA}) com Agulha Fina no Diagnóstico Diferencial},
journal = {Revista Brasileira de Ginecologia e Obstetrícia},
volume = {20},
pages = {209--213},
year = {1998},
}

@article{gibou2012performance,
  title={On the performance of a simple parallel implementation of the ILU-PCG
    for the Poisson equation on irregular domains},
  author={Gibou, Fr{\'e}d{\'e}ric and Min, Chohong},
  journal={Journal of Computational Physics},
  year={2012},
  publisher={Elsevier}
}

@inproceedings{karypis1994parallel,
  title={A parallel formulation of interior point algorithms},
  author={Karypis, George and Gupta, Anshul and Kumar, Vipin},
  booktitle={Proceedings of the 1994 ACM/IEEE conference on
    Supercomputing},
  pages={204--213},
  year={1994},
  organization={IEEE Computer Society Press}
}

@incollection{gondzio2006direct,
  title={Direct solution of linear systems of size 109 arising in optimization
    with interior point methods},
  author={Gondzio, Jacek and Grothey, Andreas},
  booktitle={Parallel Processing and Applied Mathematics},
  pages={513--525},
  year={2006},
  publisher={Springer}
}

@article{gondzio2003parallel,
  title={Parallel interior-point solver for structured linear programs},
  author={Gondzio, Jacek and Sarkissian, Robert},
  journal={Mathematical Programming},
  volume={96},
  number={3},
  pages={561--584},
  year={2003},
  publisher={Springer}
}

@inproceedings{Cuthill:1969:ReducingBandwidth,
    author = {Cuthill, E. and McKee, J.},
    title = {Reducing the bandwidth of sparse symmetric matrices},
    booktitle = {Proceedings of the 1969 24th national conference},
    series = {ACM '69},
    year = {1969},
    pages = {157--172},
    numpages = {16},
    url = {http://doi.acm.org/10.1145/800195.805928},
    doi = {10.1145/800195.805928},
    acmid = {805928},
    publisher = {ACM},
    address = {New York, NY, USA},
}

@book{George:1971:ComputerImplementation,
    title={Computer implementation of the finite element method},
    author={George, J.A.},
    series={Report},
    url={http://books.google.com.br/books?id=949FAAAAIAAJ},
    year={1971},
    publisher={Department of Computer Science, Stanford University}
}

@article{Liu:1976:ComparativeCuthillMcKee,
    title = {Comparative Analysis of the {C}uthill-{M}c{K}ee and the {R}everse
        {C}uthill-{M}c{K}ee Ordering Algorithms for Sparse Matrices},
    author = {Liu, Wai-Hung and Sherman, Andrew H.},
    journal = {SIAM Journal on Numerical Analysis},
    volume = {13},
    number = {2},
    pages = {pp. 198-213},
    url = {http://www.jstor.org/stable/2156087},
    ISSN = {00361429},
    year = {1976},
    publisher = {Society for Industrial and Applied Mathematics},
}

@article{Gibbs:1976:ReducingBandwidth,
    title = {An Algorithm for Reducing the Bandwidth and Profile of a
        Sparse Matrix},
    author = {Gibbs, Norman E. and Poole, William G., Jr. and Stockmeyer,
        Paul K.},
    journal = {SIAM Journal on Numerical Analysis},
    volume = {13},
    number = {2},
    pages = {pp. 236-250},
    url = {http://www.jstor.org/stable/2156090},
    ISSN = {00361429},
    year = {1976},
    publisher = {Society for Industrial and Applied Mathematics},
}

@article{George:1979:NodeFinder,
    title = {An Implementation of a Pseudoperipheral Node Finder},
    author = {George, Alan and Liu, Joseph W. H.},
    journal = {ACM Trans. Math. Softw.},
    issue_date = {Sept. 1979},
    volume = {5},
    number = {3},
    month = sep,
    year = {1979},
    issn = {0098-3500},
    pages = {284--295},
    numpages = {12},
    url = {http://doi.acm.org/10.1145/355841.355845},
    doi = {10.1145/355841.355845},
    acmid = {355845},
    publisher = {ACM},
    address = {New York, NY, USA},
}

@article{Chan:1980:LinearTimeRCM,
    year={1980},
    issn={0006-3835},
    journal={BIT Numerical Mathematics},
    volume={20},
    issue={1},
    doi={10.1007/BF01933580},
    title={A linear time implementation of the reverse Cuthill-McKee
        algorithm},
    url={http://dx.doi.org/10.1007/BF01933580},
    publisher={Kluwer Academic Publishers},
    author={Chan, W.M. and George, Alan},
    pages={8-14},
    language={English}
}

@book{Wright:1987:PrimalDualIP,
    title={Primal-Dual Interior-Point Methods},
    author={Wright, S.J.},
    isbn={9780898713824},
    lccn={96042071},
    series={Miscellaneous Bks},
    url={http://books.google.com.br/books?id=9TQ5tP8uqeYC},
    year={1987},
    publisher={Society for Industrial and Applied
        Mathematics}
}

@mastersthesis{Fernanda:2005:ReordenacaoCCCG,
    author = {Carmo, Fernanda Cristina do},
    title = {Análise da Influência de Algoritmos de Reordenação de
        Matrizes Esparsas no Desempenho do Método CCCG(n)},
    school = {Universidade Federal de Minas Gerais},
    year = {2005},
    address = {},
    otherinfo = {}
}

@article{Ghidetti:2010:ComparativoReordenamento,
     author = {Kamila Ghidetti and Maria Claudia Boeres and Lucia
        Catabriga},
     title = {Um Estudo Comparativo de Métodos Heurísticos para
         Reordenamento de Matrizes Esparsas},
     year = {2010},
}

@INBOOK{Johnson:2012:Bandwidth,
    author = {Chris Johnson},
    title = {CS 3200 - Introduction to Scientific Computing},
    chapter = {Bandwidth and Renumbering Algorithms},
    pages = {29-34},
    publisher = {},
    year = {2012},
    address = {},
    note = {\url{http://www.eng.utah.edu/~cs3200/notes/cs3200-bandwidth.pdf}},
}

@MISC{Zavoianu:2012:Bandwidth,
    author = {Ciprian Zavoianu},
    title = {Tutorial: Bandwidth reduction - The CutHill-McKee Algorithm},
    month = {oct},
    year = {2012},
    note =
    {\url{http://ciprian-zavoianu.blogspot.com.br/2009/01/project-bandwidth-reduction.html}},
}

@ARTICLE{Barnad:1995:Spectral,
    author = {S. Barnad and A. Photen and H. Simon},
    title = {A spectral algorithm for envelop reduction of sparse
        matrices},
    journal = {Numerical Linear Algebra with Aplications},
    year = {1995},
    number = {3},
    pages = {317-334},
}

@CONFERENCE{Carvalho:2009:MinBanda,
    author = {Marco Antonio Moreira de Carvalho and Nenina Marcia Pereira
        Junqueira and Nei Yoshihiro Soma},
    title = {Uma Heurística para o Problema de Minimização de Largura de Banda
        em Matrizes},
    booktitle = {XLI SBPO 2009 - Pesquisa Operacional na Gestão do
        Conhecimento},
    year = {2009},
    pages = {2886-2897},
    organization = {Sociedade Brasileira de Pesquisa Operacional},
    publisher = {Sociedade Brasileira de Pesquisa Operacional },
}

@misc{Fukuda:2005:Ordenacao,
    author = {Ellen Hidemi Fukuda and Felipe H. Santos and Marina
        Andretta and Robson Keller},
    title = {Ordenaçãoo De Matrizes Esparsas Para Formatos Espéciais},
    year = {2005},
    note = {\url{http://www.ime.usp.br/~ellen/mac5795/notas_de_aula.pdf}}
}

@BOOK{George:1994:ComputerSolution,
    author = {Alan George and Joseph Liu and Esmond Ng},
    title = {Computer Solution of Sparse Linear Systems},
    year = {1994},
    note =
    {\url{http://www.cse.illinois.edu/courses/cs598mh/george_liu.pdf}},
}

@BOOK{George:1981:ComputerSolutionPD,
        author = {Alan George and Joseph W. H. Liu},
        title = {Computer Solution of Large Sparse Positive Definite Systems},
        publisher = {Prentice Hall Series in Computational Mathematics},
        ISBN = {0-13-165274-5},
        year = {1981}
}

@techreport{PCx,
    author    = {Joseph Czyzyk and Sanjay Mehrotra and Michael Wagner and
        Stephen J. Wright},
    title     = {PCx User Guide (Version 1.1)},
    institution = {Optimization Technology Center},
    year      = {1997},
}

@book{culler1999parallel,
  title={Parallel Computer Architecture: A Hardware/software Approach},
  author={Culler, D.E. and Singh, J.P. and Gupta, A.},
  isbn={9781558603431},
  lccn={98028034},
  series={The Morgan Kaufmann Series in Computer Architecture and Design Series},
  url={http://books.google.com.br/books?id=g82fofiqa5IC},
  year={1999},
  publisher={Morgan Kaufmann Publishers}
}

@InProceedings{open_mpi,
  author       = {Edgar Gabriel and Graham E. Fagg and George Bosilca
                  and Thara Angskun and Jack J. Dongarra and Jeffrey
                  M. Squyres and Vishal Sahay and Prabhanjan Kambadur
                  and Brian Barrett and Andrew Lumsdaine and Ralph
                  H. Castain and David J. Daniel and Richard L. Graham
                  and Timothy S. Woodall },
  title        = {Open {MPI}: Goals, Concept, and Design of a Next
                  Generation {MPI} Implementation},
  booktitle    = {Proceedings, 11th European PVM/MPI Users' Group
                  Meeting},
  year         = 2004,
  address      = {Budapest, Hungary},
  pages        = {97--104},
  month        = {September}
}
